1913 3132
126 103 251 145 —17.
275 103 348 158 38]
667 102 864 143 LIBER
901 101 938 153 Q
955 101 1217 143 VARTVS
1653 113 1730 154 143

126 216 403 258 intolerabile
444 215 500 256 ad
538 214 866 256 demittendum
904 215 1102 255 animum
1141 221 1217 255 aut
1261 215 1391 255 nimis
1433 214 1639 256 laetabile
1675 215 1731 255 ad

126 286 408 327 ecferendum
446 285 584 327 uideri
620 291 777 339 potest.
831 285 938 338 quid
974 285 1092 325 enim
1128 284 1330 325 uideatur
1364 285 1404 326 ei
1439 298 1651 338 magnum
1691 286 1733 326 in

128 356 256 397 rebus
292 355 497 396 humanis
527 355 597 395 cui
629 355 865 395 aeternitas
907 355 1052 395 omnis
1086 355 1311 407 totiusque
1349 355 1502 395 mundi
1541 362 1647 396 nota
1678 356 1735 396 sit

130 423 417 478 magnitudo?
458 437 561 464 nam
584 424 690 477 quid
714 430 791 464 aut
814 424 856 464 in
880 423 1037 464 studiis
1059 422 1265 462 humanis
1287 429 1364 463 aut
1386 423 1430 463 in
1452 430 1545 464 tam
1569 425 1734 477 exigua

72 509 112 532 10
128 492 346 533 breuitate
368 493 486 533 uitae
509 506 720 546 magnum
744 492 933 546 sapienti
955 491 1093 532 uideri
1116 497 1276 544 potest,
1293 492 1366 544 qui
1389 505 1562 546 semper
1584 494 1734 534 animo

129 563 191 603 sic
211 563 407 603 excubat
430 569 477 602 ut
499 562 539 603 ei
562 561 669 602 nihil
697 562 971 615 inprouisum
998 560 1197 602 accidere
1224 561 1374 614 possit,
1398 561 1505 602 nihil
1535 563 1735 616 inopina-

130 638 239 681 tum,
260 631 367 672 nihil
399 631 581 672 omnino
614 631 806 672 nouum?
842 631 909 672 38.
939 637 1074 683 atque
1103 622 1220 671 idem
1253 630 1315 671 ita
1346 645 1491 671 acrem
1525 632 1567 671 in
1591 632 1735 672 omnis

130 700 268 754 partis
290 700 429 741 aciem
452 699 643 741 intendit
665 706 712 740 ut
735 713 910 753 semper
935 699 1086 741 uideat
1112 699 1263 741 sedern
1287 700 1370 741 sibi
1393 714 1444 741 ac
1468 701 1613 742 locum
1641 702 1734 742 sine

131 769 336 810 molestia
377 776 512 822 atque
554 783 718 822 angore
759 769 949 817 uiuendi,
991 775 1050 817 ut,
1092 783 1417 823 quemcumque
1459 784 1608 811 casum
1652 771 1737 812 for-

75 852 112 886 ις
131 846 240 881 tuna
272 839 507 888 inuexerit,
535 838 651 879 hunc
684 845 788 893 apte
817 846 861 880 et
888 840 1037 892 quiete
1069 838 1195 888 ferat3
1226 839 1347 893 quod
1379 841 1453 894 qui
1484 840 1625 890 faciet,
1648 855 1734 881 non

132 909 409 963 aegritudine
444 908 588 949 solum
623 909 799 949 uacabit
836 908 912 949 sed
950 909 1085 949 etiam
1119 910 1524 962 perturbationibus
1561 910 1738 964 reliquis

132 978 349 1020 omnibus,
376 978 443 1018 his
465 984 613 1018 autem
633 991 797 1018 uacuus
812 979 984 1018 animus
1003 978 1196 1032 perfecte
1213 985 1346 1032 atque
1363 980 1565 1021 absolute
1583 981 1737 1021 beatos

133 1046 275 1095 efficit,
301 1046 508 1100 idemque
533 1047 780 1087 concitatus
809 1053 854 1088 et
879 1045 1126 1087 abstractus
1156 1046 1213 1087 ab
1239 1048 1410 1101 integra
1439 1055 1646 1103 certaque
1672 1063 1737 1090 ra-

133 1115 254 1156 tione
276 1128 363 1155 non
386 1115 683 1155 constantiam
706 1115 849 1155 solum
873 1115 1037 1156 amittit
1061 1129 1212 1156 uerum
1236 1116 1370 1157 etiam
1393 1118 1641 1159 sanitatem.

197 1282 229 1313 6.
261 1282 332 1314 into
348 1282 485 1314 lerabile
501 1282 532 1312 V
547 1282 614 1313 litt.
626 1287 698 1324 post
713 1293 733 1314 o
749 1293 830 1314 eras.
1033 1292 1062 1324 7.
1094 1250 1309 1316 adefterendum
1327 1286 1357 1316 V
1373 1290 1437 1317 atr.
1457 1287 1566 1318 uiridi
1580 1293 1736 1329 superscr.

132 1326 349 1358 adferendum
366 1326 398 1357 R
415 1326 441 1357 B
459 1326 493 1357 K
510 1325 550 1356 E.
621 1326 664 1357 ad
680 1326 852 1357 ferendum
870 1327 901 1358 G
942 1327 968 1358 B
981 1337 997 1357 ἰ
1040 1327 1074 1358 Κ
1088 1338 1104 1358 2
1142 1328 1163 1368 J
1199 1328 1230 1360 O
1248 1339 1259 1359 1
1280 1328 1331 1360 ed.
1354 1330 1401 1360 H.
1474 1330 1517 1361 ad
1533 1330 1736 1363 efferendum

134 1370 163 1401 E
177 1380 214 1438 ge
242 1369 272 1400 L
286 1379 348 1410 2-4
360 1369 380 1401 6
419 1369 463 1399 W
477 1380 489 1400 1
533 1369 565 1400 D
604 1369 635 1402 O
650 1380 668 1410 3
684 1379 714 1410 7.
802 1370 845 1401 ad
861 1370 1064 1402 efferendum
1081 1371 1104 1403 S
1122 1376 1157 1402 at
1172 1371 1208 1402 ef
1218 1377 1301 1403 extr.
1324 1383 1429 1414 marg.
1446 1374 1511 1404 alio
1526 1379 1564 1405 ut
1579 1375 1650 1405 uid.
1668 1380 1733 1406 atr.

131 1447 176 1478 ad
221 1445 415 1478 eferendum
431 1445 463 1478 O
477 1447 496 1478 8
512 1446 558 1477 al.
577 1451 643 1477 atr.
659 1452 818 1487 superscr.
864 1446 1067 1478 afferendum
1085 1448 1128 1478 W
1143 1459 1158 1479 2
1177 1449 1220 1479 ad
1235 1460 1297 1480 om.

133 1500 165 1530 9.
205 1490 389 1532 namquid
416 1490 511 1529 R17
568 1490 599 1520 V
656 1490 711 1530 P4
770 1490 800 1522 G
856 1491 957 1530 131-3,
1014 1491 1073 1522 K1
1132 1491 1154 1524 S

134 1533 296 1575 DCIIJ
343 1533 609 1573 O1z7ed.H.
826 1534 1089 1575 numquidPr.

137 1587 187 1609 10.
217 1576 465 1617 animosicB3
513 1577 578 1608 K2
627 1577 724 1608 M12
770 1577 835 1618 HJ
882 1577 1032 1618 01—37.

135 1621 166 1651 R
195 1625 228 1651 et
257 1621 283 1651 B
315 1631 331 1651 s
351 1624 426 1661 post
455 1630 475 1651 ο
504 1630 586 1651 eras.
777 1621 907 1660 animos
938 1621 984 1652 sic
1016 1622 1046 1651 V
1065 1621 1104 1652 E.

131 1666 202 1695 asos
219 1664 265 1695 sic
283 1664 308 1694 P
353 1664 380 1695 B
393 1674 421 1694 2.

198 1708 297 1745 538,
334 1717 382 1738 12.
416 1706 505 1738 idem
538 1707 638 1748 313
700 1707 760 1738 K1
827 1708 924 1738 Erz
984 1708 1092 1739 Wrz
1152 1709 1259 1740 Miz
1323 1710 1483 1752 DCIIJ
1545 1712 1733 1754 01-378.

133 1750 242 1790 eidem
259 1750 301 1781 V.
414 1750 523 1782 eidem
541 1750 573 1781 R
588 1750 620 1782 G
667 1751 693 1781 B
709 1761 736 1782 2.
787 1754 799 1787 ΙΙ
845 1751 953 1782 omnis
970 1752 1071 1793 partis
1090 1752 1119 1782 R
1137 1752 1167 1781 V
1184 1752 1215 1784 G
1234 1753 1267 1784 K
1285 1753 1325 1784 E.
1445 1755 1552 1787 omnis
1570 1762 1678 1797 partes
1696 1758 1734 1788 Β.

134 1797 206 1825 οἴης
221 1798 331 1835 partes
349 1793 384 1826 S.
479 1803 528 1834 17.
561 1794 717 1826 obsolute
735 1794 768 1825 K
784 1805 794 1825 1
815 1805 835 1826 o
852 1796 888 1825 in
905 1805 924 1826 a
941 1800 1024 1826 mut.
1040 1799 1105 1826 atr.
1126 1801 1194 1827 ant.

1373 1450 1414 1481 ad
1431 1450 1646 1482 deferendum
1665 1452 1693 1483 L
1707 1463 1736 1492 5.

1212 1492 1313 1533 E1-3,
1370 1493 1429 1533 L5
1477 1495 1578 1525 W12
1636 1496 1735 1527 M12

1311 1537 1461 1579 nunquid
1478 1537 1509 1569 O
1527 1548 1544 1578 3
1592 1538 1626 1569 K
1638 1549 1654 1569 ‘z
1671 1550 1735 1570 om.

1132 1578 1188 1609 ff
1203 1579 1248 1610 sic
1265 1579 1308 1609 W
1323 1591 1334 1611 1
1351 1591 1367 1611 ‘z
1416 1581 1462 1612 D.
1562 1582 1674 1613 animo
1691 1583 1737 1614 sic

1296 1623 1424 1655 animos
1455 1624 1502 1656 sic
1533 1624 1564 1656 G
1582 1625 1615 1657 K
1660 1626 1691 1657 O
1707 1628 1737 1658 8.

1770 740 1783 801 -afa
1769 627 1782 730 »bama

175 1920 222 1950 ad.
236 1918 586 1949 demittendum=ita
608 1922 646 1948 ut
660 1918 811 1949 demittat
825 1919 899 1949 ani-

121 1971 247 1993 ·mum:
278 1961 320 1993 cf.
341 1962 392 2002 38,
417 1962 458 1993 82
482 1961 618 1992 ‘dolore
641 1961 683 1992 ad
708 1961 902 2003 patiendum

135 2004 283 2041 leuato⁷;
317 2005 406 2036 Part.
431 2004 492 2036 Or.
515 2014 566 2046 29,
598 2015 655 2036 102
679 2005 813 2036 ‘tertius
842 2004 900 2046 (sc.

135 2051 251 2089 status)
276 2048 374 2090 aequi
400 2053 433 2079 et
457 2048 527 2079 ueri
546 2054 578 2079 et
603 2048 684 2079 recti
711 2054 743 2079 et
765 2048 901 2079 humani

135 2092 179 2123 ad
203 2091 441 2133 ignoscendum
464 2091 688 2132 disputatione
711 2092 901 2123 tractandus

136 2137 219 2173 est’;
244 2145 303 2176 pro
328 2135 425 2166 Font.
451 2136 500 2172 18,
520 2145 562 2174 40
587 2135 746 2166 ‘meliore
770 2135 901 2166 fortuna

136 2179 180 2210 ad
192 2178 313 2220 probra
328 2188 395 2209 non
410 2177 590 2209 audienda'
609 2177 711 2219 (=ita
726 2183 761 2209 ut
778 2179 900 2220 probra

136 2233 204 2253 non
219 2220 366 2260 audiat):
391 2231 445 2252 see
460 2221 549 2252 Kuh.
562 2222 639 2252 Lat.
654 2222 712 2253 Gr.
731 2229 742 2252 1
760 2232 793 2263 p.
816 2233 884 2263 134.

179 2266 266 2302 quid
287 2266 381 2296 enim
397 2267 564 2295 uideatur
584 2266 617 2295 ei
637 2273 827 2303 magnum:
852 2266 901 2297 for

136 2308 193 2340 the
209 2308 350 2349 thought
365 2307 406 2339 cf.
424 2319 444 2338 v
462 2319 478 2339 2
484 2318 513 2348 5,
534 2315 582 2347 71.

179 2360 264 2383 nam
278 2353 375 2387 quid,
389 2351 497 2382 which
510 2351 537 2382 is
554 2351 610 2382 the
624 2360 689 2382 Mss
707 2352 854 2393 reading,
875 2352 901 2383 is

136 2395 301 2427 defended
317 2394 361 2435 by
378 2394 564 2436 Wopkens,
577 2395 661 2426 Lect.
688 2396 776 2426 Tull.
795 2406 827 2437 p.
846 2406 897 2436 90,

137 2438 266 2480 against
291 2437 458 2478 Bentley's
480 2438 668 2479 conjecture
694 2449 777 2468 num
803 2439 900 2480 quid:

138 2481 312 2523 Wopkens
323 2481 455 2522 regards
466 2491 545 2511 nam
558 2491 593 2511 as
605 2492 624 2511 a
635 2492 723 2512 mere
734 2482 860 2513 variant
868 2483 907 2513 of

136 2526 223 2556 enim
239 2525 273 2556 in
288 2525 345 2555 the
361 2524 540 2565 preceding
554 2525 727 2565 question:
752 2525 810 2556 but
827 2525 896 2557 Cic.

138 2569 197 2600 has
227 2579 271 2599 no
301 2567 468 2608 objection
488 2573 528 2598 ‘to
553 2568 724 2609 repeating
749 2569 837 2598 enim
867 2569 901 2600 in

138 2611 348 2643 consecutive
372 2611 509 2649 clauses,
530 2621 594 2651 e.g.
622 2611 685 2642 Ac.
706 2611 728 2642 ii
753 2621 804 2652 33,
828 2614 899 2647 108,

139 2656 204 2686 and
222 2654 341 2686 Kuh.’s
356 2654 569 2695 explanation
585 2664 690 2685 seems
703 2655 898 2695 preferable:

142 2699 247 2730 ‘enim
269 2698 495 2728 antecedentis
514 2697 749 2728 enuntiationis
769 2708 901 2729 causam

139 2747 251 2779 notat;
275 2751 355 2772 nam
370 2740 471 2772 habet
486 2740 673 2781 explicandi
689 2740 780 2771 uim.’

181 2786 350 2816 excubat:
375 2784 431 2815 the
452 2794 542 2815 same
558 2784 732 2824 metaphor
752 2784 779 2815 is
799 2784 901 2816 found

139 2828 174 2858 in
185 2828 270 2859 Phil.
283 2827 315 2859 vi
328 2837 357 2868 7,
378 2828 414 2859 18
432 2830 439 2843 ‘
450 2827 588 2858 consilio
599 2832 760 2868 quantum
773 2833 900 2868 potero,

139 2871 253 2902 labore
269 2871 341 2912 plus
357 2881 462 2911 paene
481 2881 582 2912 quam
599 2876 714 2912 potero
730 2871 901 2902 excubabo

140 2914 352 2956 uigilaboque
377 2924 437 2955 pro
458 2912 576 2945 uobis.’
620 2914 686 2945 For
713 2914 770 2945 the
795 2914 903 2945 whole

970 1928 1107 1959 passage
1126 1919 1168 1949 cf.
1185 1919 1277 1960 Virg.
1300 1920 1386 1952 Aen.
1413 1922 1443 1952 vi
1469 1932 1526 1962 103
1549 1924 1674 1964 quoted
1695 1924 1739 1965 by

971 1962 1110 1999 Seneca,
1128 1962 1191 2003 Ep.
1214 1962 1264 2001 76,
1286 1973 1337 2004 33.

1013 2006 1096 2043 §38.
1128 2013 1265 2037 acrem:
1301 2012 1356 2038 ‘so
1383 2008 1467 2040 keen
1499 2019 1541 2040 an
1567 2009 1652 2050 eye‚’
1681 2011 1736 2042 the

969 2048 1037 2089 adj.
1063 2048 1164 2090 being
1187 2055 1244 2080 not
1266 2051 1428 2092 proleptic
1447 2051 1527 2092 (TS.
1550 2054 1614 2084 and
1642 2054 1735 2095 Hei.)

969 2092 1028 2123 but
1054 2092 1253 2134 descriptive
1277 2094 1315 2124 of
1340 2105 1359 2124 a
1382 2101 1578 2136 permanent
1603 2097 1736 2129 charac-

970 2136 1093 2167 teristic
1110 2136 1148 2167 of
1160 2136 1216 2168 the
1232 2138 1371 2178 sapiens,
1391 2138 1467 2170 who
1486 2139 1512 2170 is
1533 2141 1541 2155 ‘
1552 2151 1626 2172 sure
1642 2141 1675 2172 in
1693 2142 1737 2172 all

968 2178 1020 2210 his
1046 2178 1160 2220 ways,’
1183 2178 1252 2210 ἀλλ’
1279 2182 1349 2212 οὐδὲ
1376 2184 1518 2222 παρορᾶν
1542 2181 1640 2223 [ἀλλ’]
1664 2186 1736 2216 οὐδὲ

970 2224 1163 2262 παρακούειν
1193 2225 1354 2263 νομίζουσι
1385 2224 1440 2256 τὸν
1469 2226 1572 2265 σοφὸν
1603 2229 1676 2259 οὐδὲ
1702 2230 1738 2259 τὸ

969 2268 1104 2296 σύνολον
1125 2269 1320 2307 παραπαίειν
1342 2270 1426 2299 κατά
1444 2281 1475 2300 τι
1498 2271 1561 2300 τῶν
1582 2272 1737 2310 αἰσθητη-

970 2309 1055 2349 ρίων,
1081 2309 1176 2341 Stob.
1192 2311 1265 2342 Ecl.
1281 2311 1359 2343 Eth.
1377 2322 1409 2353 p.
1432 2314 1490 2351 183
1509 2312 1544 2354 (ii
1562 2314 1593 2351 6,
1612 2315 1662 2355 6):
1687 2315 1736 2345 for

971 2353 1027 2383 the
1058 2353 1248 2394 expression
1279 2355 1320 2386 cf.
1354 2355 1427 2387 Fin.
1456 2356 1465 2387 i
1497 2366 1545 2397 17,
1581 2368 1619 2398 57
1654 2359 1736 2390 ‘acri

971 2396 1083 2426 animo
1100 2402 1132 2427 et
1148 2402 1276 2429 attento
1292 2399 1480 2430 intuemur.'

1013 2441 1136 2471 uideat
1150 2452 1158 2471 z
1175 2446 1233 2472 not
1242 2443 1449 2482 :prouz'deat
1467 2443 1510 2474 ‘is
1526 2454 1603 2475 ever
1619 2454 1662 2475 on
1680 2445 1735 2477 the

972 2483 1052 2513 look
1076 2488 1133 2514 out
1155 2483 1220 2515 for’
1244 2495 1280 2516 as
1305 2486 1394 2516 Kiih.
1419 2487 1485 2517 and
1509 2487 1576 2519 TS.
1598 2488 1675 2518 take
1698 2489 1734 2523 it,

970 2527 1166 2568 comparing
1191 2527 1225 2558 iii
1257 2538 1306 2570 19,
1331 2529 1383 2568 46,
1409 2529 1467 2560 but
1500 2530 1574 2561 ‘has
1601 2541 1677 2562 ever
1702 2531 1736 2563 in

970 2569 1079 2606 view‚'
1095 2570 1214 2602 almost
1223 2584 1254 2602 ,τ
1262 2572 1374 2602 uideat
1378 2577 1539 2612 paratam
1549 2574 1615 2604 sibi
1626 2573 1714 2615 (Or.)
1731 2586 1736 2606 z

971 2612 1043 2644 Cic.
1063 2613 1181 2645 wishes
1201 2620 1234 2644 to
1256 2615 1443 2655 emphasize
1466 2616 1521 2647 the
1542 2617 1735 2650 confidence

970 2656 1036 2687 and
1060 2667 1246 2695 assurance,
1273 2663 1330 2688 not
1358 2659 1414 2689 the
1442 2670 1531 2690 mere
1557 2660 1645 2702 hope
1667 2663 1734 2692 and

970 2700 1190 2740 expectation‚
1209 2700 1249 2731 of
1259 2701 1314 2732 the
1331 2701 1439 2733 Stoic:
1461 2702 1511 2733 for
1527 2703 1583 2735 the
1599 2705 1735 2736 attribu-

971 2742 1036 2774 tive
1060 2753 1117 2774 use
1140 2743 1179 2774 of
1197 2743 1253 2775 the
1274 2745 1393 2785 phrase
1415 2746 1671 2779 sz'ne...uz'uendi
1691 2749 1734 2780 cf.

972 2785 1132 2826 Nagelsb.
1148 2787 1223 2817 Stil.
1240 2788 1257 2824 ἓ
1275 2796 1327 2827 75,
1348 2798 1376 2818 2.

1013 2831 1181 2865 certaque
1201 2833 1360 2862 ratione:
1385 2831 1425 2862 cf.
1451 2831 1473 2863 ii
1498 2841 1549 2872 27,
1573 2832 1612 2875 65
1637 2835 1734 2867 ‘nihil

970 2872 1058 2902 enim
1087 2877 1197 2913 potest
1222 2883 1293 2905 esse
1315 2875 1489 2915 aequabile
1511 2877 1602 2918 quod
1625 2888 1692 2909 non
1716 2890 1736 2910 a

971 2920 1059 2946 certa
1075 2915 1201 2947 ratione
1218 2917 1468 2958 proficiscatur.’
