1913 3132
155 122 207 161 28
382 121 943 163 TVSCVLANARVM
968 121 1259 163 DISPVTA
1277 122 1542 164 TIONVM
1589 122 1673 176 [10.
1697 133 1748 174 23

153 233 376 275 simillima
408 235 543 276 animi
570 242 637 276 est
665 236 923 289 aegritudo;
955 243 1001 277 at
1029 250 1116 277 non
1150 236 1306 277 similis
1337 234 1652 289 aegrotationis
1684 240 1752 276 est

154 302 302 352 libido,
324 317 411 344 non
440 305 718 345 inmoderata
744 305 922 354 laetitia,
943 319 1057 358 quae
1085 312 1152 346 est
1178 305 1383 358 uoluptas
1412 304 1547 344 animi
1570 303 1686 344 elata
1707 309 1752 344 et

95 385 136 418 30
154 372 358 423 gestiens.
410 373 504 426 ipse
540 373 674 414 etiam
713 380 857 414 metus
894 388 983 414 non
1020 380 1087 415 est
1124 374 1266 414 morbi
1304 371 1546 413 admodum
1584 371 1751 420 similis,

154 453 424 493 quamquam
448 442 711 495 aegritudini
733 449 799 483 est
822 442 1047 491 finitimus,
1065 442 1142 483 sed
1166 443 1351 496 proprie,
1368 447 1416 482 ut
1438 441 1683 494 aegrotatio
1707 441 1751 480 in

154 522 346 562 corpore,
372 511 433 550 sic
465 511 696 563 aegritudo
726 511 769 551 in
799 511 948 552 animo
977 525 1140 552 nomen
1169 511 1304 552 habet
1329 524 1418 551 non
1449 510 1697 550 seiunctum
1727 522 1753 549 a

154 577 315 618 dolore.
365 579 528 619 doloris
560 580 689 620 huius
721 580 854 633 igitur
884 580 1008 633 origo
1040 580 1168 621 nobis
1199 578 1468 633 explicanda
1499 584 1577 627 est,
1609 578 1653 619 id
1685 583 1753 618 est

154 659 286 687 causa
311 648 502 688 efficiens
531 648 853 701 aegritudinem
881 649 924 689 in
955 649 1104 689 animo
1136 656 1365 702 tamquam
1399 646 1750 700 aegrotationem

94 727 133 760 35
156 715 196 755 in
221 729 414 769 corpore.
460 731 563 757 narn
586 723 634 757 ut
659 717 815 758 medici
838 731 970 758 causa
993 717 1133 758 morbi
1156 718 1337 758 inuenta
1359 716 1631 757 curationem
1655 728 1752 755 esse

155 784 382 825 inuentam
420 792 589 838 putant,
623 787 684 826 sic
726 799 805 826 nos
842 799 975 826 causa
1010 787 1297 840 aegritudinis
1334 791 1507 839 reperta
1543 783 1752 825 medendi

155 851 410 894 facultatem
433 855 711 907 reperiemus.

243 922 323 963 XI.
365 923 431 964 24.
475 923 557 964 Est
586 924 719 975 igitur
747 937 879 964 causa
907 925 1050 964 omnis
1072 925 1116 964 in
1138 924 1358 977 opinione,
1381 937 1460 964 nec
1489 936 1593 963 uero
1615 921 1755 974 aegri-

155 990 321 1031 tudinis
354 991 509 1039 solum,
546 991 623 1032 sed
654 992 789 1033 etiam
823 992 1089 1046 reliquarum
1126 993 1325 1033 omnium
1359 991 1754 1046 perturbationum,

156 1072 269 1112 quae
304 1067 405 1100 sunt
438 1074 598 1114 genere
630 1067 852 1114 quattuor,
886 1061 1083 1114 partibus
1118 1061 1278 1115 plures.
1331 1075 1434 1102 nam
1476 1074 1576 1101 cum
1611 1059 1756 1099 omnis

156 1129 432 1181 perturbatio
468 1130 524 1169 sit
560 1130 696 1170 animi
735 1137 883 1170 motus
920 1130 989 1171 uel
1024 1131 1205 1171 rationis
1241 1144 1402 1183 expers
1439 1129 1507 1170 uel
1541 1129 1756 1169 rationem

223 1264 272 1294 28.
308 1263 475 1294 simillima
494 1265 523 1294 R
540 1264 570 1294 V
589 1264 613 1294 P
630 1264 661 1296 G
679 1265 706 1295 B
724 1265 757 1295 K
776 1264 813 1296 L.
887 1267 898 1301 Η
966 1264 1068 1296 animi
1085 1270 1133 1296 est
1149 1265 1321 1306 aegritudo
1339 1265 1368 1296 R
1385 1265 1415 1294 V
1433 1264 1463 1296 G
1482 1264 1508 1294 B
1525 1275 1534 1295 1
1554 1274 1570 1294 2
1623 1262 1655 1294 K
1671 1273 1683 1293 1
1733 1261 1755 1293 S

157 1305 186 1336 E
203 1317 214 1337 1
234 1318 249 1337 2
298 1307 326 1337 L
341 1317 351 1337 1
402 1308 432 1338 Π
481 1307 511 1339 Ο
526 1316 541 1347 7
556 1310 585 1339 8.
743 1307 845 1339 animi
860 1307 1031 1349 aegritudo
1047 1313 1096 1339 est
1114 1309 1139 1339 B
1153 1319 1170 1349 3
1218 1309 1254 1339 M
1270 1319 1282 1338 1
1298 1319 1314 1339 2
1363 1308 1393 1339 O
1407 1318 1436 1339 2.
1591 1311 1639 1338 est
1655 1305 1756 1336 animi

154 1350 326 1390 aegritudo
345 1350 374 1380 R
388 1349 408 1381 6
453 1350 495 1380 W
511 1361 522 1381 1
539 1362 554 1382 2
603 1351 635 1382 D
652 1350 680 1383 C
695 1351 713 1392 J
760 1351 790 1382 O
809 1361 833 1382 1.
942 1356 990 1382 est
1007 1362 1067 1382 om.
1091 1352 1120 1383 O
1133 1362 1163 1392 3.
1210 1355 1220 1388 11
1266 1351 1382 1383 similis
1399 1351 1442 1383 G.
1540 1347 1664 1381 simil'r‘s
1682 1350 1713 1380 R
1729 1349 1757 1379 B

155 1393 166 1423 i
183 1393 220 1423 z'n
237 1405 254 1422 e
272 1398 355 1424 mut.
465 1393 543 1426 siies
562 1394 586 1424 B
599 1404 628 1425 2.
678 1398 689 1430 ΙΙ
735 1395 971 1436 aegrotationis
989 1395 1016 1425 E
1030 1406 1058 1426 2.
1169 1395 1412 1437 aegrotationes
1430 1395 1460 1425 R
1477 1394 1508 1424 V
1525 1393 1557 1425 G
1573 1393 1600 1424 B
1618 1393 1652 1423 K
1669 1392 1697 1422 E
1716 1391 1756 1422 L.

157 1446 208 1478 29.
241 1437 447 1468 inmoderata
466 1438 495 1468 R
512 1438 542 1468 V
559 1438 590 1469 G
608 1438 641 1468 K
659 1438 698 1468 E.
886 1438 1104 1469 immoderata
1122 1439 1148 1469 B
1167 1439 1207 1469 L.
1391 1448 1442 1478 31.
1473 1435 1651 1480 egritudini
1666 1436 1710 1466 W
1725 1445 1753 1466 1.

1227 1489 1235 1506 l

557 1514 763 1556 aegritudine
781 1515 811 1545 R
829 1514 859 1546 G
878 1515 919 1545 K.
1056 1515 1241 1556 egritudine
1259 1515 1288 1545 V
1308 1515 1344 1545 B.
1480 1512 1664 1555 egritudine
1681 1512 1709 1542 L
1727 1521 1752 1542 1.

611 1568 660 1599 33.
696 1557 820 1589 doloris
836 1558 932 1589 huius
947 1558 1047 1599 igitur
1065 1559 1094 1589 R
1113 1559 1142 1588 V
1162 1559 1186 1589 P
1203 1558 1233 1590 G
1252 1559 1279 1589 B
1297 1558 1330 1589 K
1348 1558 1377 1589 E
1423 1558 1454 1590 O
1470 1567 1486 1597 3
1501 1566 1530 1597 7.
1632 1554 1757 1586 doloris

629 1602 656 1631 L
673 1611 685 1631 1
736 1601 777 1631 W
791 1612 803 1632 1
854 1602 890 1632 M
907 1612 918 1632 1
938 1612 952 1631 2
1002 1602 1033 1633 D
1049 1602 1067 1643 J
1114 1602 1145 1633 O
1161 1613 1172 1633 1
1190 1612 1206 1632 2
1222 1603 1251 1633 8.
1365 1601 1463 1642 igitur
1479 1599 1603 1631 doloris
1619 1599 1716 1630 huius
1733 1597 1756 1630 S

1137 1653 1188 1685 37.
1221 1645 1420 1686 reperiemus
1438 1645 1468 1675 R
1484 1644 1515 1674 V
1532 1644 1557 1674 P
1575 1643 1606 1675 G
1653 1642 1681 1673 E
1699 1651 1710 1672 1
1727 1651 1757 1672 2.

155 1513 332 1554 egritudini
350 1514 380 1546 O
396 1525 421 1545 1.

155 1557 341 1598 egritudine
359 1558 385 1588 B
400 1568 415 1588 2
466 1558 505 1588 Ε.

155 1599 255 1641 igitur
271 1601 366 1632 huius
384 1601 415 1632 R
427 1599 445 1631 6
492 1602 518 1632 B
531 1610 546 1631 2
564 1611 580 1641 3

157 1644 186 1674 E
199 1654 214 1674 2
264 1645 306 1675 H.

156 1688 380 1728 repperiemus
398 1688 437 1719 L.

223 1731 288 1762 XI.
321 1732 338 1769 ἕ
354 1734 403 1767 24,
423 1742 454 1772 3.
486 1741 563 1761 nam
580 1741 654 1762 cum
672 1731 694 1762 S
712 1731 745 1761 h.
763 1731 786 1762 l.
803 1741 869 1762 non
887 1731 924 1762 z'n
940 1741 1043 1773 quom
1061 1736 1144 1763 mut.

464 1644 587 1675 doloris
604 1644 702 1685 igitur
717 1644 761 1675 W
775 1655 791 1675 2
809 1644 905 1676 huius
921 1655 982 1676 om.

157 1851 238 1882 lima
266 1855 312 1882 est
338 1851 515 1892 (affectioni
544 1852 685 1892 corporis
711 1852 919 1892 aegrotantis.

158 1895 223 1926 For
248 1895 304 1926 the
327 1896 453 1936 change
477 1895 560 1926 from
586 1895 692 1936 plural
717 1900 751 1926 to
778 1895 924 1936 singular

157 1948 210 1969 see
227 1949 236 1969 1
256 1948 304 1978 17,
323 1949 365 1977 40
377 1949 410 1969 n.

199 1984 367 2020 gestiens,
382 1983 389 1997 ⁶
397 1981 569 2017 exultant‚’
582 1985 588 1998 ‘
599 1981 796 2013 boisterous’
807 1991 814 2019 ;
827 1981 874 2013 lit.
888 1994 917 2006 =

151 2024 406 2065 gestltsfacz'ens.

200 2071 353 2105 proprie,
395 2069 470 2099 ‘but
509 2067 590 2099 with
632 2068 723 2099 strict
765 2078 923 2108 accuracy

157 2121 349 2151 annoyance
369 2111 401 2142 in
424 2112 480 2143 the
501 2122 575 2143 case
596 2111 634 2142 of
653 2111 709 2142 the
730 2111 835 2147 mind,
855 2111 923 2152 just

157 2165 193 2185 as
209 2154 322 2186 illness
338 2154 371 2186 in
388 2155 444 2186 the
460 2165 534 2186 case
551 2154 589 2185 of
602 2154 658 2185 the
674 2154 775 2195 body,
794 2155 888 2185 bears
905 2165 924 2185 a

158 2208 255 2229 name
270 2197 380 2229 which
395 2198 546 2230 contains
562 2198 617 2229 the
633 2197 708 2228 idea
723 2197 761 2229 of
772 2197 873 2238 pain.'

200 2244 404 2279 tamquam:
428 2241 643 2277 herezsz'cut,
660 2241 701 2271 cf.
718 2241 729 2271 i
746 2241 797 2281 36,
815 2242 856 2272 88
870 2251 902 2271 n.

201 2286 555 2322 inuenta...reperta:
594 2290 629 2315 to
659 2284 727 2314 find
759 2284 837 2315 here
868 2283 924 2315 the

158 2329 251 2359 usual
280 2328 481 2365 distinction,
516 2327 565 2358 sor
596 2327 705 2358 which
736 2338 790 2358 see
823 2327 833 2358 i
868 2335 919 2366 47,

162 2381 222 2410 114
238 2382 283 2407 n.‚
305 2371 416 2402 would
439 2371 570 2403 involve
593 2382 612 2401 a
636 2371 733 2402 satire
753 2381 844 2411 upon
867 2371 924 2401 the

158 2414 300 2446 medical
328 2415 511 2456 profession
539 2414 577 2445 of
603 2414 658 2445 the
686 2414 750 2454 day
773 2413 883 2444 which
908 2414 923 2445 1

159 2468 213 2489 see
233 2469 276 2488 no
294 2468 408 2489 reason
425 2458 475 2488 for
496 2458 672 2498 expecting
688 2457 771 2488 from
793 2457 918 2489 Cicero.

160 2503 292 2531 inuento
333 2512 438 2532 seems
477 2501 675 2532 substituted
714 2501 837 2541 merely
875 2500 924 2531 for

159 2545 282 2584 variety
301 2544 333 2575 in
358 2545 430 2575 Fin.
448 2555 468 2574 v
490 2544 520 2580 6,
547 2554 580 2584 ¹7
601 2544 692 2575 ‘fons
713 2544 925 2585 reperiendus

159 2593 219 2625 est,
233 2587 266 2618 in
277 2598 343 2628 quo
354 2588 417 2619 sint
430 2588 535 2629 prima
545 2588 763 2618 inuitamenta
772 2593 923 2623 naturae;

158 2641 225 2672 quo
243 2632 446 2669 inuento...,'
465 2632 586 2672 quoted
604 2631 648 2672 by
666 2631 737 2661 Mo.

204 2674 266 2704 XI.
295 2675 312 2711 ἓ
328 2677 376 2704 24.
407 2676 446 2705 in
461 2676 635 2712 opinione,
656 2674 736 2705 ‘due
752 2679 787 2705 to
801 2684 820 2704 a
836 2684 925 2704 mere

160 2716 320 2757 opini0n‚’
344 2717 385 2748 cf.
410 2717 420 2748 i
445 2728 495 2754 22,
523 2727 561 2757 53
577 2728 609 2748 n.
632 2718 698 2748 and
722 2717 732 2747 i
758 2716 808 2755 26,
834 2716 874 2756 63
891 2727 924 2747 n.

160 2760 275 2791 Virtue
292 2771 358 2791 was
374 2761 475 2792 based
492 2771 534 2791 on
556 2765 705 2792 accurate
726 2760 924 2801 knowledge

161 2803 362 2841 (ἐπιστήμη),
383 2804 559 2844 according
581 2809 615 2835 to
637 2804 693 2835 the
715 2803 823 2835 Stoics
845 2803 922 2840 (and

161 2846 322 2882 Socrates,
347 2847 442 2878 Plato
462 2847 527 2878 and
549 2847 685 2885 others),
704 2857 767 2888 e.g.
785 2857 925 2887 courage

160 2890 187 2920 is
203 2890 304 2920 based
321 2900 410 2931 upon
426 2901 445 2921 a
461 2890 659 2931 knowledge
678 2890 715 2921 of
732 2890 820 2921 what
842 2890 868 2921 is
890 2895 924 2920 to

161 2933 202 2963 be
225 2933 335 2964 feared
358 2933 423 2964 and
448 2933 536 2964 what
560 2939 628 2964 not.
671 2933 722 2965 Cf.
749 2933 781 2964 iv
808 2942 856 2973 15,
884 2942 923 2973 34

997 1852 1083 1893 ‘ipsa
1113 1852 1215 1884 uirtus
1246 1851 1438 1884 breuissime
1467 1855 1555 1882 recta
1581 1849 1665 1881 ratio
1691 1848 1758 1881 dici

992 1896 1126 1937 potest‚’
1142 1896 1209 1927 and
1226 1896 1343 1934 Zeller,
1361 1896 1472 1932 Stoics,
1489 1899 1560 1931 ela,
1580 1904 1612 1934 p.
1633 1893 1706 1934 238.

1034 1947 1162 1976 genere
1178 1942 1359 1977 quattuor,
1372 1939 1535 1976 partibus
1552 1940 1688 1974 plures:
1713 1935 1755 1967 ef.

994 1982 1065 2013 Fin.
1093 1982 1128 2013 iii
1156 1993 1204 2020 10,
1232 1991 1283 2022 35.
1331 1982 1394 2014 See
1418 1981 1475 2012 the
1498 1981 1598 2017 table,
1627 1979 1754 2011 Introd.

1017 2049 1024 2056 .
1042 2037 1132 2056 xxxi.

992 2036 1014 2067 p
1036 2069 1108 2100 The
1135 2069 1208 2100 four
1233 2079 1355 2109 genera
1386 2078 1441 2099 are
1472 2067 1569 2108 given
1595 2065 1712 2097 within
1739 2075 1758 2096 a

992 2111 1097 2152 single
1118 2122 1210 2143 verse
1231 2112 1275 2152 by
1290 2111 1408 2153 Virgil,
1428 2111 1515 2142 Aen.
1535 2110 1567 2141 vi
1585 2118 1646 2151 733
1664 2108 1758 2140 ‘hinc

992 2160 1142 2186 metuunt
1186 2156 1400 2196 cupiuntque,
1440 2154 1555 2186 dolent
1598 2152 1757 2194 gaudent-

992 2197 1072 2239 que’
1095 2198 1161 2229 and
1182 2199 1225 2239 by
1251 2199 1396 2236 Horace,
1419 2198 1483 2239 Ep.
1506 2197 1516 2228 i
1538 2195 1568 2232 6,
1598 2207 1633 2227 12
1662 2198 1757 2237 ‘gau-

992 2242 1069 2272 deat
1089 2252 1131 2272 an
1153 2242 1274 2280 doleat,
1294 2241 1405 2283 cupiat
1422 2246 1601 2276 metuatne‚
1619 2239 1699 2281 quid
1715 2238 1757 2271 ad

993 2285 1096 2315 rem?'

1036 2329 1216 2365 partibusz
1241 2328 1296 2359 the
1313 2327 1548 2359 sub-divisions
1563 2326 1601 2357 of
1617 2337 1637 2357 a
1652 2335 1760 2366 genus

993 2381 1047 2401 are
1070 2372 1197 2412 usually
1219 2372 1325 2402 called
1342 2376 1455 2412 partes
1476 2370 1509 2401 in
1532 2370 1660 2406 Cicero,
1682 2368 1759 2399 who

992 2414 1135 2454 rejected
1161 2415 1283 2456 species.
1325 2415 1432 2445 Varro
1458 2413 1524 2444 and
1553 2413 1660 2444 Silver
1685 2412 1758 2452 Age

993 2457 1118 2489 writers
1133 2458 1217 2489 have
1234 2458 1289 2489 the
1306 2458 1402 2489 latter
1417 2462 1501 2488 term
1522 2457 1556 2487 in
1573 2456 1637 2487 this
1653 2465 1757 2486 sense.

993 2500 1111 2532 Cicero
1141 2502 1211 2532 also
1242 2501 1393 2542 employs
1422 2500 1478 2531 the
1509 2505 1592 2530 term
1613 2499 1758 2540 formae.

995 2544 1046 2575 Cf.
1061 2555 1082 2574 v
1099 2554 1151 2584 25,
1168 2553 1204 2584 71
1224 2545 1360 2586 ‘genera
1376 2548 1551 2584 partesque
1567 2541 1756 2578 uirtutum’3

993 2586 1035 2618 de
1058 2588 1131 2618 Inu.
1154 2588 1164 2618 i
1187 2598 1240 2623 22,
1264 2598 1301 2628 3²
1323 2589 1441 2628 ‘genus
1464 2592 1513 2618 est
1535 2586 1625 2627 quod
1647 2585 1757 2626 plures

994 2636 1102 2671 partes
1125 2631 1344 2672 amplectitur,
1369 2636 1404 2661 ut
1427 2629 1560 2661 animal.
1598 2639 1671 2669 pars
1695 2633 1755 2665 est,

993 2683 1077 2714 quae
1107 2674 1220 2705 subest
1250 2674 1374 2715 generi,
1401 2678 1435 2704 ut
1463 2671 1598 2713 equus';
1631 2671 1759 2712 Topica

993 2715 1089 2757 6——7‚
1114 2727 1235 2757 50—-31
1262 2718 1381 2748 ‘nolim
1404 2716 1503 2751 enim,
1525 2726 1566 2746 ne
1589 2715 1615 2746 si
1640 2715 1759 2746 Latine

993 2760 1126 2800 quidem
1144 2760 1246 2802 possit
1263 2760 1339 2798 dici,
1358 2760 1534 2799 specierum
1550 2763 1582 2789 et
1602 2758 1760 2798 speciebus

993 2803 1121 2841 dicere3
1149 2804 1303 2843 ...formis
1318 2808 1349 2834 et
1357 2802 1551 2844 formarum
1568 2799 1691 2832 uelim.’

1037 2855 1116 2878 cum
1128 2848 1240 2878 omnis
1255 2846 1476 2883 perturbatio
1488 2847 1554 2875 sit:
1576 2854 1629 2875 see
1642 2843 1760 2875 Zeno's

993 2889 1167 2921 definition
1184 2890 1218 2921 in
1233 2890 1265 2920 iv
1277 2888 1307 2928 6,
1328 2899 1339 2920 1
1350 2900 1362 2920 1
1376 2900 1408 2920 n.
1422 2899 1466 2920 on
1481 2888 1579 2918 ‘haec
1595 2886 1757 2925 definitio,

994 2932 1052 2964 ut.'
