1913 3132
1211 7 1270 31 μμ,

154 134 280 175 -13,
304 133 377 188 30]
694 132 890 173 LIBER
927 130 1242 183 QVARTVS
1679 138 1726 179 13
1734 136 1753 179 5

158 260 246 287 non
275 248 393 288 enim
422 261 554 289 omne
584 248 741 288 uitium
772 247 888 301 paris
917 246 1051 287 habet
1080 245 1390 294 dissensiones,
1419 250 1467 285 ut
1498 257 1650 285 eorum
1682 242 1756 295 qui

159 329 248 357 non
271 316 402 370 longe
423 332 449 358 a
471 317 687 372 sapientia
713 318 875 358 absunt
902 316 1094 357 adfectio
1115 321 1181 356 est
1205 309 1278 356 illa
1300 314 1479 367 quidem
1503 314 1758 366 discrepans

102 401 138 435 15
159 384 240 425 sibi
267 386 373 439 ipsa,
402 385 508 426 dum
540 392 606 426 est
638 385 861 439 insipiens,
884 384 960 425 sed
990 398 1079 425 non
1108 383 1296 424 distorta
1327 397 1407 423 nec
1431 396 1577 436 praua.
1617 379 1758 421 morbi

159 460 306 495 autem
329 461 373 496 et
394 455 720 508 aegrotationes
743 461 889 508 partes
906 460 1007 495 sunt
1025 453 1292 501 uitiositatis‚
1310 452 1386 493 sed
1405 450 1758 505 perturbationes

159 525 304 566 sintne
332 526 529 566 eiusdem
563 532 710 579 partes
742 525 943 578 quaestio
974 530 1051 565 est.
1094 524 1160 566 30.
1202 523 1310 563 uitia
1340 523 1458 563 enim
1487 521 1760 562 adfectiones

160 600 263 635 sunt
288 600 531 643 manentes,
557 593 910 647 perturbationes
937 599 1086 633 autem
1123 598 1365 641 mouentes,
1394 597 1442 632 ut
1471 604 1560 631 non
1589 589 1761 643 possint

160 663 459 704 adfectionum
489 663 762 703 manentium
793 668 941 715 partes
970 675 1074 702 esse.
1119 667 1252 715 atque
1282 667 1330 701 ut
1356 661 1400 700 in
1427 659 1554 700 malis
1580 658 1761 711 attingit

99 747 142 770 20
160 733 296 773 animi
328 739 531 773 naturam
564 731 758 784 corporis
790 731 1046 780 similitudo,
1072 731 1132 770 sic
1165 731 1208 770 in
1242 729 1380 770 bonis.
1433 735 1535 769 sunt
1566 727 1683 768 enim
1717 727 1760 766 in

160 815 341 855 corpore
364 803 611 855 praecipua,
629 800 852 849 ualetudo,
868 801 992 849 uires,
1011 799 1304 854 pulchritudo,
1322 799 1520 847 firmitas,
1538 798 1762 845 uelocitas,

24 871 79 922 f}
160 879 264 912 sunt
290 872 395 912 item
426 872 469 911 in
497 871 656 911 animo.
700 877 748 911 ut
774 871 892 911 enim
926 870 1119 923 corporis
1153 869 1429 923 temperatio,
1455 881 1554 908 cum
1582 881 1633 908 ea
1660 879 1763 906 con-

55 996 70 1006 '
160 948 324 995 gruunt
353 942 466 982 inter
495 955 542 981 se
568 954 591 981 e
618 940 778 994 quibus
808 946 1074 990 constamus,
1097 940 1323 988 sanitas,
1346 939 1405 979 sic
1435 938 1570 978 animi
1593 936 1764 984 dicitur,

160 1025 259 1052 cum
283 1012 375 1052 eius
393 1011 555 1051 iudicia
577 1011 897 1064 opinionesque
919 1009 1200 1059 concordant,
1217 1022 1356 1062 eaque
1375 1007 1510 1048 animi
1529 1012 1595 1047 est
1613 1006 1763 1055 uirtus,

99 1095 140 1131 25
161 1095 294 1135 quam
325 1080 398 1121 alii
428 1080 569 1133 ipsam
599 1079 942 1133 temperantiam
966 1078 1120 1120 dicunt
1152 1070 1353 1128 essejfflii
1377 1078 1760 1130 obtemperantem

228 1175 276 1206 13.
311 1175 378 1196 non
394 1165 482 1196 enim
500 1175 597 1196 omne
614 1164 731 1196 uitium
750 1164 780 1194 R
797 1164 826 1194 V
846 1164 871 1194 P
888 1163 919 1194 G
936 1163 963 1194 B
982 1163 1015 1194 K
1028 1164 1186 1204 plerique.
1261 1173 1328 1193 non
1345 1162 1433 1193 enim
1450 1160 1566 1192 uitium
1587 1160 1616 1190 R
1630 1168 1646 1200 7
1687 1159 1716 1190 E
1731 1170 1759 1200 3.

159 1208 260 1240 habet
277 1209 365 1240 enim
381 1219 480 1240 omne
496 1208 617 1240 uiciurn
635 1208 687 1239 ed.
708 1208 753 1238 H.
819 1210 830 1244 ΙΙ
891 1207 992 1247 partis
1008 1207 1109 1238 habet
1125 1205 1350 1253 dissentientis
1368 1206 1397 1236 R
1416 1206 1440 1236 P
1458 1205 1489 1236 G
1536 1204 1562 1235 B
1578 1214 1588 1235 1
1603 1215 1619 1235 2
1668 1203 1701 1234 K
1718 1213 1729 1234 1
1746 1213 1763 1233 2

161 1285 190 1316 E
207 1295 219 1316 1
238 1296 254 1317 2
301 1286 334 1317 D
352 1285 413 1327 CJ
461 1285 492 1317 O
506 1295 533 1326 7.

158 1329 306 1360 duarum
322 1330 389 1360 litt.
406 1330 511 1370 spatio
526 1330 634 1369 script.

160 1372 356 1404 dissentiens
371 1372 415 1403 W
430 1383 457 1404 2.

160 1416 195 1447 K
212 1416 223 1446 i
240 1417 277 1447 in
294 1427 311 1448 e
328 1420 409 1447 mut.

159 1459 375 1503 egrotationis
391 1459 431 1490 V.

225 1504 242 1541 ξ
258 1506 309 1540 30,
328 1514 379 1535 22.
411 1503 494 1535 sicut
511 1503 599 1534 enim
616 1503 762 1544 corporis
779 1502 807 1535 C
823 1502 874 1533 ecl.
898 1502 943 1533 H.
1036 1501 1082 1532 sic
1099 1500 1186 1532 enim
1203 1499 1349 1541 corporis
1366 1499 1403 1530 M
1420 1509 1431 1530 1
1475 1499 1517 1530 D.
1611 1503 1660 1529 est
1676 1497 1764 1528 enim

160 1546 305 1588 corporis
324 1547 354 1577 R
369 1554 385 1586 7
434 1547 462 1577 L
474 1556 490 1577 2
504 1556 522 1586 3
567 1547 584 1587 J
631 1546 662 1578 O
680 1556 691 1577 1
707 1547 735 1577 8.
838 1547 866 1577 ὅ.
885 1555 917 1575 n.
938 1545 1085 1586 corporis
1102 1545 1145 1574 W
1163 1554 1188 1574 ι.
1285 1548 1335 1574 est
1351 1542 1439 1573 enim
1456 1541 1603 1583 corporis
1619 1541 1649 1571 V
1666 1545 1701 1571 at
1716 1545 1765 1572 est

160 1591 199 1621 in
216 1600 321 1631 marg.
339 1591 386 1621 ad
399 1590 538 1620 initium
557 1590 658 1620 lineae
673 1595 738 1619 atr.
758 1590 864 1620 uiridi
878 1589 989 1628 script.
1117 1588 1205 1618 enim
1222 1586 1369 1628 corporis
1388 1587 1418 1617 R
1465 1586 1490 1616 P
1505 1596 1516 1616 1
1532 1598 1551 1624 4
1597 1585 1627 1616 G
1675 1585 1701 1615 B
1719 1595 1730 1615 1
1747 1594 1763 1614 2

161 1633 222 1664 K1
272 1633 295 1665 S
343 1634 434 1665 E12
484 1633 515 1663 Π
561 1633 623 1673 07
643 1632 701 1664 Gr.
820 1632 966 1673 corporis
984 1636 1053 1662 cett.
1071 1642 1131 1662 om.
1154 1630 1216 1662 R6
1234 1641 1269 1670 17
1319 1630 1381 1661 Kz
1429 1629 1490 1668 E3
1538 1626 1642 1668 L4-6
1688 1627 1763 1658 W2

162 1677 199 1708 M
213 1687 230 1707 2
277 1677 308 1709 O
322 1687 339 1708 2
353 1687 381 1717 3.
531 1682 567 1708 ut
583 1676 672 1707 enim
688 1676 835 1717 corporis
850 1687 933 1706 corr.
955 1675 1183 1707 Camerarius.
1344 1683 1359 1704 2
1366 1683 1394 1713 5.
1429 1672 1484 1703 alii
1502 1672 1608 1713 ipsam
1624 1671 1655 1701 V
1701 1670 1735 1701 K
1750 1681 1761 1701 1

163 1754 192 1785 E
205 1765 217 1786 1
237 1764 254 1785 2
299 1754 344 1784 W
360 1765 371 1785 1
388 1764 404 1785 2
424 1754 476 1784 ed.
496 1754 542 1784 H.
621 1727 719 1792 alilgirn
736 1753 843 1793 ipsam
863 1753 898 1784 S.

162 1802 449 1839 optemperantem
467 1797 498 1828 R
515 1808 527 1828 1
545 1806 561 1827 2
611 1797 636 1827 P
653 1797 683 1828 G
702 1797 739 1827 B.

725 1285 828 1326 partis
843 1284 944 1315 habet
961 1257 1230 1315 dissentiefflSV
1246 1287 1281 1313 at
1296 1257 1362 1313 ffls
1374 1283 1440 1313 eod.
1458 1286 1520 1312 atr.
1542 1281 1578 1311 in
1595 1291 1660 1311 ras.
1678 1284 1708 1310 et
1725 1279 1762 1310 in

731 1333 840 1369 partes
857 1328 958 1359 habet
974 1327 1206 1359 dissentientes
1223 1327 1250 1357 B
1262 1337 1280 1366 3
1322 1326 1343 1358 S
1385 1326 1422 1356 M
1438 1335 1463 1356 1.
1546 1323 1647 1365 partis
1664 1323 1765 1354 habet

580 1372 667 1413 paris
683 1371 783 1403 habet
799 1371 1022 1402 dissensiones
1037 1382 1119 1401 corr.
1142 1370 1322 1401 Bentlet'us.
1440 1367 1489 1399 16.
1520 1366 1764 1408 aegrotationes

557 1416 781 1458 egrotationes
798 1415 837 1445 Β.
990 1414 1213 1456 egrotationes
1230 1414 1274 1444 D.
1419 1411 1655 1453 aegrotationis
1674 1411 1703 1440 R
1720 1409 1762 1441 G.

530 1458 744 1500 egrotationis
761 1459 796 1491 S.

975 1753 1073 1783 aliam
1090 1752 1196 1793 ipsam
1215 1751 1245 1782 R
1263 1751 1289 1781 P
1305 1750 1345 1782 G.
1379 1753 1390 1786 ΙΙ
1418 1749 1704 1791 obtemperantem
1720 1747 1764 1778 V.

162 1884 248 1915 says,
272 1873 432 1915 interpret
448 1878 563 1914 partes
585 1873 679 1904 habet
701 1873 927 1904 dissentientes

162 1917 195 1949 in
226 1928 246 1948 a
275 1923 436 1958 pregnant
467 1927 561 1948 sense
591 1927 627 1948 as
665 1916 854 1958 equivalent
893 1921 926 1946 to

161 1961 313 2002 singulas
328 1961 418 1991 inter
434 1971 465 1991 se
485 1961 598 1991 animi
610 1965 722 2001 partes
745 1960 839 1990 habet
861 1959 925 1990 dis-

161 2004 333 2036 sentientes
362 2014 411 2042 or,
441 2004 523 2035 with
555 2004 658 2038 Kuh„
689 2003 790 2035 insert
821 2014 928 2034 omnes

161 2047 274 2080 before
289 2058 392 2078 omne.

205 2092 270 2122 illa
285 2092 448 2128 quidem:
474 2090 484 2121 i
502 2101 531 2131 3,
549 2089 612 2122 6n.

206 2134 223 2171 ἓ
239 2137 290 2165 30.
320 2136 422 2172 uitia,
442 2134 497 2166 i.e.
516 2135 622 2165 κακίαι
641 2134 675 2164 in
692 2133 748 2164 the
764 2143 930 2164 narrower

163 2187 258 2209 sense
273 2187 309 2208 as
325 2177 511 2209 contrasted
528 2177 609 2208 with
627 2178 720 2208 κακία
733 2175 928 2217 (uitiositas)

164 2222 220 2253 the
236 2225 309 2252 root
325 2220 488 2261 principle
504 2220 542 2252 of
554 2220 628 2252 evil.

207 2266 400 2299 mouentem
422 2264 643 2304 ‘transitory’:
669 2264 719 2294 for
735 2264 790 2294 the
806 2263 928 2294 intran-

164 2308 260 2340 sitive
283 2317 341 2338 use
362 2307 399 2338 of
419 2317 546 2338 mouere
565 2307 605 2339 cf.
630 2308 725 2338 Finn.
752 2306 774 2337 ii
802 2317 848 2343 10,
876 2317 928 2347 31,

166 2352 240 2383 Liu.
251 2363 272 2381 v
287 2361 339 2391 25,
352 2349 372 2381 6
380 2351 503 2391 praeda
512 2361 596 2392 quae
602 2361 714 2381 rerum
726 2351 930 2381 mouentium

164 2397 216 2427 sit.

207 2439 359 2476 attingit
432 2438 638 2472 similitudo,
688 2437 742 2468 i.e.
789 2437 932 2477 corporis

165 2487 292 2512 natura
303 2482 424 2512 similis
438 2486 484 2511 est
497 2486 640 2511 naturae
652 2481 764 2511 animi
777 2492 784 2511 2
809 2480 859 2510 for
875 2479 931 2510 the

166 2525 357 2566 expression
379 2524 420 2555 cf.
447 2534 496 2562 10,
522 2534 562 2564 23
595 2523 734 2555 ‘morbis
755 2533 930 2564 corporum

165 2573 374 2609 comparatur
395 2568 585 2598 morborum
602 2567 704 2597 animi
723 2565 931 2602 similitudo,’

168 2620 195 2643 11
228 2612 321 2643 Verr.
350 2621 371 2641 v
398 2611 449 2651 36,
484 2621 525 2653 94
559 2611 614 2641 ‘ut
650 2610 679 2641 ei
711 2609 930 2650 Lampsaceni

166 2655 303 2697 periculi
314 2654 496 2684 similitudo
508 2658 692 2684 uersaretur
705 2658 780 2683 ante
792 2652 930 2684 oculos.'

210 2699 411 2736 praecipua.
450 2697 519 2728 Cic.
546 2696 711 2737 preferred
729 2696 931 2736 praepositus

168 2752 204 2772 or
220 2742 421 2782 praecipuus
444 2746 479 2771 to
496 2741 677 2780 productus
698 2750 733 2770 as
755 2750 774 2769 a
793 2738 930 2770 transla-

167 2785 237 2816 tion
269 2783 306 2816 of
339 2785 537 2823 προηγμένος
567 2783 681 2822 (Finn.
714 2782 747 2813 iv
779 2781 828 2817 26,
863 2781 926 2822 72).

167 2827 372 2869 Chrysippus
395 2827 461 2858 and
484 2826 536 2857 his
554 2826 668 2857 school
690 2826 816 2857 classed
840 2825 932 2857 these

166 2871 280 2911 bodily
311 2871 513 2911 advantages
542 2870 646 2901 under
685 2869 741 2900 the
775 2868 861 2899 head
899 2868 936 2899 of

168 2914 327 2954 ἀδιάφορα
366 2913 437 2944 κατ’
477 2914 554 2944 εἶδος
592 2913 799 2952 προηγμέναε
841 2911 931 2942 Posi-

167 2958 287 2989 donius
307 2958 358 2988 καὶ
379 2957 482 2987 ταῦτά
510 2961 590 2996 φησι
611 2957 674 2986 τῶν
699 2956 831 2994 ἀγαθῶν
854 2955 932 2985 εἶναι

997 1872 1110 1912 (Diog.
1153 1871 1190 1902 L.
1223 1871 1266 1901 vii
1303 1869 1392 1911 103):
1427 1869 1574 1901 Cicero's
1604 1869 1766 1909 language

996 1916 1084 1951 here,
1101 1915 1266 1949 however,
1284 1919 1405 1945 cannot
1422 1913 1465 1944 be
1489 1913 1589 1944 taken
1611 1922 1646 1943 as
1668 1921 1763 1953 prov-

996 1959 1053 2000 ing
1082 1959 1134 1989 his
1165 1958 1400 1989 indebtedness
1430 1961 1466 1987 to
1501 1955 1698 1987 Posidonius
1729 1965 1766 1985 or

997 2013 1078 2033 even
1118 2002 1296 2042 sympathy
1333 2000 1413 2031 with
1452 2000 1503 2031 his
1542 1999 1653 2030 views.
1709 1997 1765 2028 He

998 2045 1122 2086 merely
1148 2056 1232 2085 says,
1253 2055 1288 2075 as
1313 2043 1519 2084 Chrysippus
1547 2042 1653 2083 might
1680 2041 1766 2072 have

998 2089 1081 2125 said,
1110 2089 1181 2120 that
1208 2088 1321 2119 health
1346 2088 1412 2118 and
1439 2086 1588 2126 strength
1612 2085 1650 2116 of
1675 2085 1766 2126 body

998 2143 1084 2163 were
1109 2138 1139 2163 to
1162 2132 1215 2163 tlze
1237 2132 1316 2170 body
1339 2131 1428 2162 what
1451 2130 1578 2161 sanitas
1597 2128 1663 2159 and
1688 2138 1764 2159 con-

999 2176 1141 2216 sistency
1154 2186 1239 2207 were
1250 2180 1285 2206 to
1296 2175 1351 2205 the
1362 2173 1464 2204 mind.
1500 2173 1573 2204 The
1589 2172 1766 2203 difference

998 2220 1149 2251 between
1194 2218 1399 2259 Chrysippus
1448 2217 1513 2248 and
1569 2215 1766 2246 Posidonius

1000 2262 1119 2294 turned
1145 2273 1188 2293 on
1215 2262 1271 2293 the
1299 2261 1395 2292 value
1422 2266 1457 2291 to
1488 2260 1529 2291 be
1553 2258 1705 2300 assigned
1731 2263 1766 2289 to

1000 2306 1149 2348 physica]
1165 2305 1318 2347 qualities
1334 2306 1370 2335 in
1387 2304 1526 2335 relation
1543 2308 1573 2333 to
1588 2303 1641 2333 the
1658 2302 1761 2332 mind.

1043 2352 1085 2380 ut
1111 2350 1206 2380 enim
1234 2350 1391 2386 corporis
1415 2347 1645 2384 temperatio:
1678 2345 1765 2375 Dav.

1000 2398 1118 2432 quotes
1136 2393 1309 2429 Stobaeus,
1324 2391 1396 2422 Ecl.
1415 2390 1492 2421 Eth.
1506 2401 1538 2431 p.
1565 2388 1622 2420 168
1635 2388 1670 2427 (ii
1687 2398 1716 2427 7,
1733 2388 1766 2428 5)

1002 2434 1111 2476 ὥσπερ
1126 2437 1190 2475 ’γὰρ
1206 2436 1264 2473 τὴν
1279 2436 1335 2465 τοῦ
1351 2435 1497 2471 σώματος
1515 2433 1634 2472 ὑγίειαν
1657 2432 1764 2471 εὐκρα-

1000 2482 1072 2510 σίαν
1102 2480 1181 2509 εἶναι
1204 2480 1267 2509 τῶν
1294 2480 1325 2508 ἐν
1351 2475 1397 2516 τῷ
1420 2477 1542 2514 σώματι
1569 2476 1691 2515 θερμῶν
1715 2475 1768 2505 καὶ

1001 2524 1133 2562 ψυχρῶν
1150 2523 1202 2553 καὶ
1217 2523 1317 2561 ξηρῶν
1335 2522 1386 2551 καὶ
1404 2521 1504 2560 ὑγρῶν
1529 2520 1611 2549 οὕτω
1631 2519 1684 2548 καὶ
1708 2517 1766 2555 τὴν

1000 2568 1054 2604 τῆς
1077 2567 1183 2605 ψυχῆς
1209 2566 1331 2604 ὑγίειαν
1354 2564 1521 2603 εὐκρασίαν
1543 2563 1623 2592 εἶναι
1645 2562 1707 2591 τῶν
1735 2562 1767 2591 ἐν

998 2608 1039 2648 τῇ
1055 2609 1146 2649 ψυχῇ
1159 2609 1340 2647 δογμάτων.

1042 2654 1092 2683 sie
1108 2654 1229 2689 animi,
1248 2661 1293 2682 sc.
1311 2650 1446 2681 sanitas.

1042 2697 1158 2733 ipsam
1175 2695 1459 2731 temperantiam,
1491 2695 1498 2707 ⁴
1511 2691 1652 2732 nothing
1676 2701 1768 2721 more

1000 2749 1060 2770 nor
1091 2739 1154 2769 less
1184 2738 1264 2769 than
1296 2736 1361 2768 self
1387 2734 1541 2771 control,'
1580 2735 1636 2765 i.e.
1675 2734 1768 2765 these

1001 2782 1194 2812 authorities
1219 2779 1413 2812 considered
1438 2779 1509 2809 that
1539 2778 1766 2818 temperantia,

1001 2825 1129 2865 usually
1168 2823 1328 2865 regarded
1359 2833 1394 2853 as
1431 2832 1494 2853 one
1532 2821 1570 2852 of
1602 2820 1658 2851 the
1695 2820 1769 2851 four

1002 2867 1150 2900 cardinal
1168 2868 1300 2904 virtues,
1321 2876 1388 2897 was
1409 2864 1529 2906 simply
1546 2864 1618 2895 that
1638 2864 1768 2895 sanitas

1001 2912 1113 2942 animi
1133 2910 1240 2941 which
1269 2920 1336 2940 was
1359 2909 1415 2940 the
1437 2918 1609 2949 necessary
1632 2918 1766 2949 presup-

1002 2955 1147 2996 position
1164 2954 1198 2985 in
1214 2953 1259 2984 all
1275 2953 1391 2984 virtue.
