1913 3132
138 123 236 162 —8.
262 119 331 174 17]
678 119 879 161 LIBER
919 119 1205 162 TERTIVS
1686 131 1734 160 21

138 238 282 278 omnis
311 238 564 279 innocentia
594 237 727 291 (quae
759 238 876 291 apud
910 237 1103 278 Graecos
1133 237 1342 278 usitatum
1375 250 1538 278 nomen
1568 235 1737 277 nullum

138 306 284 356 habet,
300 306 375 348 sed
395 306 558 347 habere
575 312 722 360 potest
740 304 996 358 ἀβλάβειαν
1013 320 1021 355 ;
1055 319 1157 346 nam
1182 312 1249 346 est
1271 306 1524 346 innocentia
1546 304 1738 346 adfectio

80 393 119 416 10
138 374 238 416 talis
252 375 388 416 animi
405 389 520 428 quae
533 381 691 416 noceat
705 374 1143 427 nemini)-—reliquas
1155 375 1290 415 etiam
1307 375 1493 415 uirtutes
1507 373 1738 426 frugalitas

137 444 346 486 continet.
388 458 502 497 quae
524 444 606 484 nisi
623 450 748 485 tanta
771 450 899 493 esset,
914 449 958 484 et
980 444 1015 483 si
1039 443 1090 483 iis
1113 443 1341 497 angustiis,
1358 444 1519 497 quibus
1541 442 1739 496 plerique

138 518 309 566 putant,
336 518 569 561 teneretur,
603 526 847 566 numquam
881 519 998 553 esset
1036 513 1083 553 L.
1122 512 1294 553 Pisonis
1328 526 1575 565 cognomen
1611 517 1738 552 tanto

136 595 269 635 opere
282 581 526 623 laudatum.
564 582 631 624 17.
668 581 745 622 sed
763 581 877 635 quia,
894 595 974 622 nec
991 581 1066 634 qui
1084 587 1264 635 propter
1281 588 1447 622 metum
1468 580 1735 634 praesidium

138 650 324 704 reliquit,
348 650 467 704 quod
496 656 564 692 est
593 651 807 703 ignauiae,
835 664 915 691 nec
941 650 1016 703 qui
1043 656 1223 704 propter
1251 649 1484 691 auaritiam
1515 649 1628 690 clam
1662 648 1738 689 de-

80 737 117 771 15
139 720 331 774 positum
380 733 468 760 non
511 719 714 768 reddidit,
755 719 875 773 quod
917 725 984 760 est
1026 719 1277 769 iniustitiae,
1319 733 1399 760 nec
1441 720 1515 772 qui
1560 725 1739 772 propter

137 789 432 830 temeritatem
455 788 570 829 male
591 801 683 829 rem
705 789 854 841 gessit,
874 787 994 842 quod
1023 794 1090 829 est
1119 788 1344 837 stultitiae,
1367 788 1500 841 frugi
1524 787 1738 842 appellari

138 858 259 907 solet,
287 872 340 899 eo
373 858 451 899 tris
487 857 684 907 uirtutes,
713 856 1030 906 fortitudinem,
1062 857 1288 906 iustitiam,
1322 857 1616 910 prudentiam,
1651 856 1738 897 fru-

201 970 232 1003 9.
263 960 407 992 adfectio
423 960 455 990 V
466 960 508 991 G.
581 959 711 991 affectio
730 960 759 990 R
774 960 800 990 B
816 960 849 990 K
859 960 897 992 L.

138 1005 165 1036 B
177 1015 193 1036 2
233 1005 275 1036 E.
342 1008 551 1046 tanto-opere
569 1004 599 1035 R
614 1003 659 1035 al.
678 1008 743 1034 atr.
763 1014 845 1034 corr.

136 1053 311 1089 tantopere
327 1048 355 1079 B
369 1057 382 1078 1
431 1047 470 1079 L.

198 1092 281 1130 §12
301 1102 349 1132 14.
384 1091 516 1133 reliquit
533 1091 563 1121 R
579 1089 670 1122 1016
716 1091 742 1121 B
757 1100 773 1121 2
819 1089 862 1120 W
875 1100 904 1120 2.

137 1168 300 1210 relinquid
316 1168 348 1200 G
363 1172 400 1199 at
413 1167 436 1198 d
452 1167 488 1198 in
504 1172 517 1198 t
533 1167 591 1198 alt.
609 1178 700 1198 man.
718 1172 800 1198 mut.

137 1218 201 1244 tres
218 1213 245 1244 B
259 1223 275 1244 2
322 1211 345 1244 S
363 1212 392 1242 L
407 1211 451 1242 W
465 1212 495 1253 J.
589 1211 630 1242 tri
648 1211 675 1242 B
690 1221 701 1241 1
721 1211 786 1242 litt.
805 1221 886 1242 eras.

136 1300 207 1332 that
245 1300 302 1332 the
337 1299 446 1332 clause
480 1300 570 1340 quod
601 1299 778 1340 angustius
813 1299 907 1340 apud

140 1344 274 1376 Graecos
284 1344 382 1379 ualet,
392 1344 454 1385 qui
457 1343 562 1383 frugi
571 1343 718 1374 homines
727 1343 901 1382 χρησίμους

135 1388 312 1429 appellant,
328 1387 440 1418 would
456 1387 498 1418 be
513 1387 589 1418 thus
604 1385 778 1427 expressed
795 1386 828 1417 in
845 1386 901 1417 the

136 1431 274 1463 modern
301 1430 396 1472 style,
424 1431 514 1472 quod
543 1430 659 1461 Graece
685 1430 781 1461 aliter
809 1429 904 1460 reddi

135 1475 247 1516 nequit
280 1484 382 1516 quam
419 1475 585 1514 χρήσιμος,
623 1473 678 1504 lzoc
713 1477 821 1504 autem
858 1478 903 1503 est

135 1519 332 1559 angustius;
358 1528 438 1548 nam
459 1517 552 1558 apud
572 1527 630 1547 nos
651 1516 807 1556 χρήσιμος
828 1521 900 1547 tan-

135 1566 206 1592 tum
222 1566 268 1593 est
283 1561 379 1592 utilis
385 1572 399 1598 ,·
413 1560 517 1602 frugi
529 1565 637 1591 autem
654 1560 757 1591 latius
768 1564 868 1600 patet.

181 1605 266 1636 Dav.
288 1609 382 1636 notes
400 1604 558 1636 ‘Glossae
579 1608 724 1635 ueteres:
751 1602 902 1643 Frugalis

135 1647 313 1688 χρήσιμος,’
325 1648 390 1679 and
406 1647 448 1679 he
463 1652 581 1689 quotes
598 1647 751 1678 Donatus
766 1657 809 1678 on
823 1647 900 1677 Ter.

136 1692 222 1724 Eun.
234 1691 270 1723 iii
283 1702 312 1732 5,
320 1690 363 1724 60
373 1691 439 1722 and
451 1691 484 1722 iv
493 1699 523 1731 7,
536 1689 577 1730 46
590 1689 639 1721 for
642 1689 748 1731 frugi
754 1703 783 1716 =
793 1690 900 1726 utilis,

135 1736 342 1773 necessarius,
355 1735 419 1766 and
432 1733 484 1766 for
497 1734 555 1766 the
569 1733 671 1765 wider
686 1743 778 1765 sense
795 1733 831 1764 of
845 1734 901 1765 the

136 1779 226 1811 word
243 1779 333 1810 T.D.
349 1778 382 1810 iv
399 1777 448 1814 16,
465 1777 505 1818 36
521 1777 626 1819 ‘quod
639 1777 700 1808 nisi
714 1787 754 1808 eo
766 1777 901 1808 nomine

135 1822 358 1864 (frugalitatis)
374 1822 512 1853 uirtutes
532 1820 788 1859 continerentur,
805 1831 898 1851 num-

135 1876 234 1907 quam
251 1866 297 1898 ita
311 1864 540 1907 pemolgatum
559 1863 642 1895 illud
663 1869 757 1901 esset,
779 1869 813 1894 ut
833 1864 899 1895 iam

136 1909 302 1950 prouerbii
318 1909 426 1941 locum
443 1908 618 1945 obtineret,
633 1907 803 1938 hominem
815 1906 900 1948 frugi

136 1953 247 1984 omnia
262 1957 351 1984 recte
364 1951 496 1988 facere,'
514 1951 579 1982 and
595 1951 645 1982 for
661 1951 742 1982 both
764 1961 838 1982 uses
859 1951 901 1982 he

135 2006 306 2038 compares
327 1995 466 2036 Quintil.
486 1995 497 2026 i
517 1993 549 2033 6,
569 2004 608 2036 ²9
629 1995 693 2025 ‘M.
715 1993 847 2026 Caelius
866 2005 901 2026 se

136 2050 206 2071 esse
235 2039 405 2071 hominem
435 2038 519 2080 frugi
548 2038 618 2069 uolt
649 2038 799 2079 probare,
834 2048 900 2069 non

135 2083 213 2124 quia
242 2083 410 2114 abstinens
440 2082 492 2119 sit,
524 2080 613 2122 (nam
640 2080 675 2112 id
702 2091 743 2113 ne
770 2081 902 2112 mentiri

136 2126 269 2167 quidem
293 2127 449 2168 poteram
474 2124 531 2156 sed
554 2124 632 2166 quia
659 2124 749 2156 utilis
775 2125 898 2162 multis,

135 2169 169 2201 id
192 2176 241 2201 est
263 2170 457 2205 fructuosus,
486 2167 575 2200 unde
601 2167 642 2199 sit
670 2168 770 2199 ducta
795 2167 901 2209 fruga-

135 2212 233 2244 litas.'

179 2257 291 2288 omnis
321 2257 416 2288 enim
445 2257 676 2291 abstinentia,
708 2256 821 2286 omnis
850 2256 901 2285 in-

135 2302 318 2331 noemma:
363 2298 503 2330 another
544 2297 800 2335 anacolouthon,
845 2297 902 2329 the

136 2342 377 2374 consideration
389 2342 427 2373 of
435 2342 491 2373 the
501 2342 557 2374 Gk
570 2341 758 2382 equivalent
768 2341 903 2382 leading

136 2390 171 2417 to
194 2386 249 2418 the
275 2386 488 2417 substitution
510 2385 548 2416 of
570 2386 626 2416 the
648 2384 755 2416 active
778 2389 900 2416 constr.

136 2428 186 2460 for
213 2429 268 2461 the
295 2429 435 2470 passive,
462 2429 608 2470 reliquae
633 2428 732 2459 etiam
760 2428 902 2459 uirtutes

126 2471 329 2514 frugalitate
353 2473 576 2504 continentur.
617 2472 704 2502 Dav.
730 2481 901 2512 compares

136 2515 212 2546 Ter.
231 2516 316 2546 Hec.
333 2516 368 2546 iii
386 2526 410 2553 1,
428 2514 447 2546 6
465 2519 558 2546 ‘nam
574 2525 635 2546 nos
650 2525 765 2546 omnes
781 2514 900 2556 quibus

136 2564 184 2590 est
206 2559 357 2590 alicunde
378 2558 497 2600 aliquis
515 2559 663 2590 obiectus
679 2558 786 2594 labos,
803 2568 902 2589 omne

135 2602 226 2643 quod
252 2607 301 2634 est
327 2602 453 2634 interea
478 2607 608 2643 tempus
632 2601 722 2642 prius
745 2611 844 2642 quam
868 2601 902 2632 id

136 2645 319 2676 rescitumst
347 2644 502 2681 lucrost’;
541 2644 680 2682 Hirtius,
711 2644 796 2675 Bell.
829 2643 901 2675 Afr.

137 2697 166 2719 e.
186 2688 223 2718 18
239 2689 303 2719 and
320 2698 350 2720 c.
366 2698 418 2729 23.

178 2729 389 2772 ἀβλάβειανε
413 2731 470 2762 the
486 2741 576 2762 noun
591 2730 672 2762 does
687 2735 745 2761 not
761 2741 849 2762 seem
865 2735 901 2761 to

137 2783 234 2805 occur
259 2775 371 2806 before
398 2774 565 2809 Plutarch,
588 2773 654 2804 and
677 2773 769 2805 there
793 2774 817 2804 it
840 2773 900 2804 has

137 2815 194 2848 the
208 2817 336 2858 passive
351 2828 445 2849 sense
457 2817 494 2848 of
507 2817 724 2852 incolumitas,
737 2817 900 2848 ‘freedom

137 2859 220 2891 from
243 2860 361 2892 harm.'
397 2861 470 2891 The
494 2860 559 2901 adj.
583 2860 732 2899 ἀβλαβής
755 2861 821 2891 and
843 2860 901 2891 the

138 2902 211 2934 adv.
232 2904 384 2944 ἀβλαβῶς
399 2904 490 2935 often
511 2903 595 2934 have
616 2913 659 2934 an
680 2903 786 2934 active
807 2913 901 2934 sense

139 2945 172 2976 in
187 2945 334 2978 classical
351 2947 461 2978 Greek
478 2945 545 2987 (see
562 2946 694 2978 Liddell
710 2946 776 2977 and
793 2946 899 2987 Scott)

913 1007 984 1035 tant
1000 1013 1100 1045 opere
1117 1003 1139 1035 S
1157 1013 1176 1034 o
1186 1008 1262 1043 post
1276 1007 1312 1034 nt
1328 1013 1411 1034 eras.

896 1175 942 1207 17.
977 1167 1035 1198 tris
1052 1166 1275 1199 RVGKE.

970 970 1019 991 11.
1047 959 1073 990 si
1090 959 1140 990 his
1158 959 1189 991 G
1203 960 1230 990 B
1246 959 1285 990 L.
1358 970 1406 991 12.
1438 965 1531 991 tanto
1548 970 1647 1001 opere
1663 959 1695 989 V
1707 958 1739 991 G

1479 1008 1674 1045 tantqppere
1691 1003 1737 1033 K.

1014 1089 1168 1131 relissquit
1184 1090 1225 1121 V.
1319 1089 1475 1131 relinquit
1492 1090 1523 1120 R
1541 1090 1567 1121 B
1586 1090 1619 1121 K
1636 1090 1664 1121 E
1681 1090 1736 1121 W.

1369 1141 1427 1198 tris
1446 1168 1471 1198 P
1486 1168 1530 1198 al.
1547 1172 1613 1198 atr.
1629 1167 1735 1208 suppl.

970 1298 1035 1330 and
1066 1298 1154 1329 Dav.
1211 1303 1304 1329 uotes
1337 1297 1561 1330 ‘Glossarium
1595 1299 1739 1331 Graeco-

970 1342 1127 1398 Latinu'm
1158 1350 1165 1372 ε
1204 1342 1385 1383 Αβλάβεια,
1438 1342 1590 1380 innoxia,
1643 1343 1739 1374 inno.

969 1391 1087 1417 centm.

1013 1431 1170 1465 reliquas
1192 1429 1301 1459 etiam
1321 1430 1492 1460 uirtutes:
1525 1439 1570 1461 sc.
1587 1429 1738 1470 pruden-

970 1473 1065 1510 tiam,
1076 1472 1326 1514 fortitudinem,
1347 1473 1522 1503 iustitiam.

1012 1517 1057 1547 iis
1073 1518 1260 1553 ang-ustus
1278 1518 1406 1552 quibus
1417 1518 1578 1553 plerique
1588 1519 1739 1554 putant:

969 1560 1137 1600 angustiis
1150 1572 1179 1585 =
1193 1563 1335 1599 angusta
1368 1559 1618 1600 szgrnz'sz‘catione.
1664 1559 1739 1591 The

970 1603 1063 1634 word
1075 1603 1181 1644 frugi
1200 1613 1267 1633 was
1289 1603 1386 1633 much
1409 1603 1543 1644 applied
1565 1608 1600 1634 to
1616 1603 1735 1641 slaves,

970 1646 1010 1678 cf.
1032 1647 1167 1677 Plautus
1183 1646 1247 1677 and
1264 1646 1424 1683 Terence,
1444 1646 1577 1687 passim.
1613 1647 1683 1678 Cic.
1704 1647 1737 1678 in

970 1701 1002 1731 p.
1029 1701 1052 1721 r.
1082 1689 1194 1721 Deiot.
1220 1699 1250 1730 9,
1275 1688 1317 1721 26
1341 1695 1458 1730 quotes
1481 1689 1536 1721 the
1560 1690 1739 1722 sentiment

972 1733 1072 1774 ‘frugi
1100 1733 1269 1764 hominem
1294 1732 1360 1764 dici
1383 1743 1450 1764 non
1474 1734 1614 1764 multum
1638 1733 1738 1765 habet

969 1776 1075 1808 laudis
1105 1775 1138 1807 in
1169 1775 1260 1817 rege'
1292 1776 1351 1808 but
1381 1787 1551 1818 expresses
1580 1776 1631 1808 his
1663 1787 1738 1808 own

968 1820 1094 1851 dissent
1120 1821 1200 1861 ‘ego
1227 1825 1337 1851 tamen
1364 1818 1599 1861 frugalitatem,
1629 1820 1663 1852 id
1690 1826 1738 1852 est

968 1863 1166 1895 modestiam
1205 1868 1238 1894 et
1277 1864 1540 1904 temperantiam,
1581 1863 1738 1895 uirtutem

969 1906 1148 1938 maximam
1172 1905 1304 1938 iudico.'
1336 1907 1376 1938 In
1401 1907 1473 1938 Att.
1499 1906 1543 1938 vii
1567 1920 1597 1946 4,
1627 1918 1638 1938 1
1667 1907 1738 1939 Cic.

969 1961 1043 1992 says
1058 1950 1097 1982 of
1112 1950 1303 1990 Dionysius,
1322 1961 1341 1981 a
1357 1949 1525 1981 freedman
1542 1950 1579 1982 of
1592 1950 1736 1989 Atticus,

973 1995 1087 2035 ‘quem
1116 1993 1248 2034 quidem
1275 1993 1545 2035 cognoui...frugi
1569 1994 1738 2026 hominem

969 2048 1019 2073 ac,
1036 2047 1078 2068 ne
1094 2042 1129 2068 ut
1147 2037 1336 2068 libertinum
1353 2037 1486 2069 laudare
1499 2037 1623 2075 uidear,
1639 2038 1739 2079 plane

970 2081 1076 2112 uirum
1098 2080 1249 2118 bonum‚'
1266 2080 1347 2111 with
1362 2081 1470 2112 which
1488 2080 1632 2112 Bouhier
1648 2091 1739 2112 com-

971 2134 1066 2166 pares
1095 2124 1195 2155 Mart.
1225 2124 1268 2155 xii
1300 2134 1341 2165 30
1370 2124 1500 2160 ‘siceus‚
1533 2124 1661 2156 sobrius
1688 2129 1739 2156 est

972 2169 1076 2208 Aper.
1111 2167 1191 2208 quid
1226 2167 1269 2198 ad
1305 2168 1382 2199 me?
1401 2166 1405 2207 l
1427 2178 1557 2199 seruum
1593 2167 1640 2199 sic
1675 2178 1739 2209 ego

971 2211 1082 2247 laudo,
1108 2221 1175 2241 non
1203 2210 1370 2242 amicum.'
1408 2211 1473 2242 For
1500 2211 1557 2242 the
1583 2221 1680 2242 cause
1706 2210 1744 2242 of

971 2254 1037 2286 this
1059 2254 1237 2286 limitation
1260 2254 1297 2285 of
1318 2254 1374 2285 the
1396 2254 1598 2296 application
1622 2253 1660 2285 of
1682 2253 1739 2286 the

970 2297 1063 2328 word
1074 2298 1183 2339 frugi
1202 2297 1347 2329 Bouhier
1365 2303 1483 2339 quotes
1500 2297 1677 2338 Augustin.
1695 2297 1738 2329 de

971 2341 1074 2372 Beata
1090 2341 1168 2372 Vita
1186 2351 1221 2380 31
1246 2342 1394 2382 ‘propter
1415 2340 1584 2381 uolgarem
1605 2340 1739 2372 dicendi

969 2384 1254 2422 consuetudinem,
1272 2395 1338 2425 qua
1358 2384 1527 2425 frugalitas
1548 2385 1640 2425 quasi
1662 2394 1737 2425 par-

968 2428 1110 2459 simonia
1125 2427 1189 2459 dici
1205 2426 1314 2459 solet.’

1012 2473 1047 2502 L.
1064 2472 1214 2502 Pisonis:
1241 2471 1280 2502 L.
1302 2470 1502 2511 Calpurnius
1525 2470 1600 2501 Piso
1623 2469 1736 2511 Frugi,

970 2515 1085 2545 consul
1115 2524 1172 2554 133
1191 2522 1259 2545 B.C.
1287 2514 1352 2544 and
1380 2513 1625 2554 subsequently,
1651 2524 1686 2544 as
1714 2514 1739 2545 it

971 2568 1087 2594 seems,
1105 2568 1232 2593 censor,
1249 2562 1351 2588 wrote
1370 2556 1496 2592 annals,
1514 2556 1581 2587 and
1602 2567 1637 2587 as
1659 2556 1735 2588 trib.

972 2601 1016 2642 pl.
1042 2601 1075 2631 in
1101 2610 1160 2642 149
1183 2600 1309 2631 carried
1333 2600 1388 2630 the
1412 2600 1466 2630 lex
1492 2599 1680 2640 Calpurnia
1702 2601 1740 2631 de

971 2644 1170 2684 repetundis,
1203 2644 1247 2683 by
1278 2642 1386 2674 which
1420 2643 1476 2674 the
1507 2642 1576 2674 first
1613 2642 1651 2674 of
1681 2643 1738 2675 the

969 2687 1171 2728 quaestiones
1206 2691 1384 2727 perpetuae
1413 2696 1479 2717 was
1521 2686 1734 2718 established.

971 2731 1026 2761 He
1043 2729 1187 2761 adhered
1204 2735 1238 2761 to
1255 2729 1311 2760 the
1326 2729 1487 2770 optimate
1503 2734 1609 2770 party,
1624 2729 1665 2761 cf.
1685 2740 1737 2767 20,

969 2787 988 2813 4
1012 2824 1221 2854 cognomen:
1246 2815 1287 2847 cf.
1304 2826 1365 2856 pro
1383 2815 1524 2847 Fonteio
1545 2824 1594 2856 17,
1614 2826 1665 2858 39.

1012 2861 1029 2898 ξ
1046 2863 1094 2890 17.
1129 2867 1169 2890 eo
1184 2860 1252 2890 tris
1270 2861 1442 2890 uirtutes:
1470 2859 1548 2890 Hei.
1567 2870 1739 2901 compares

971 2903 1064 2935 Stob.
1092 2902 1164 2933 Ecl.
1187 2902 1266 2933 Eth.
1289 2902 1312 2932 ii
1335 2913 1366 2943 p.
1394 2912 1452 2933 112
1476 2904 1532 2940 τῆς
1555 2903 1590 2933 δέ
1612 2907 1738 2942 σωφρο-

971 2949 1064 2983 σύνης
1085 2946 1162 2976 ἴδιον
1182 2946 1358 2984 κεφάλαιόν
1379 2946 1459 2984 ἐστι,
1482 2947 1519 2977 τὸ
1535 2946 1739 2986 παρέχεσθαι
