1913 3132
537 404 607 451 M.
661 404 881 451 TVLLI
938 403 1346 451 CICERONIS

293 527 909 603 TVSCVLANARVM

966 527 1593 575 DISPVTATIONVM

679 649 871 690 LIBER
907 649 1194 702 QVINTVS

237 770 267 810 Ι.
320 770 356 811 1.
401 770 594 824 Quintus
630 771 701 811 hic
738 771 843 816 dies,
876 771 1022 819 Brute,
1055 770 1188 810 finem
1224 769 1353 810 faciet
1388 769 1741 809 Tusculanarum

146 838 514 892 disputationum,
536 854 624 894 quo
646 840 718 881 die
747 847 814 881 est
843 854 869 881 a
898 840 1024 881 nobis
1051 854 1103 880 ea
1131 841 1188 880 de
1217 853 1261 880 re
1289 852 1421 892 quarn
1446 845 1493 879 tu
1516 853 1574 879 ex
1604 839 1745 878 omni-

146 908 227 948 bus
262 910 460 949 maxime
494 910 656 962 probas
691 911 980 962 disputatum.
1034 909 1207 961 placere
1238 909 1356 949 enim
1389 907 1469 948 tibi
1502 906 1743 947 admodum

146 979 261 1018 sensi
290 985 334 1019 et
359 993 417 1019 ex
447 993 499 1019 eo
529 979 639 1019 libro
671 993 803 1032 quem
831 979 887 1019 ad
919 993 989 1019 me
1017 978 1345 1019 accuratissime
1374 977 1585 1030 scripsisti
1614 984 1658 1017 et
1688 991 1746 1017 ex

109 1064 126 1097 5
147 1047 296 1087 multis
318 1048 593 1088 sermonibus
616 1049 702 1088 tuis
726 1049 934 1089 uirtutem
959 1048 1014 1088 ad
1043 1049 1172 1088 beate
1202 1046 1443 1087 uiuendum
1465 1060 1513 1087 se
1534 1047 1630 1100 ipsa
1652 1060 1747 1087 esse

146 1123 414 1157 contentam.
455 1118 574 1169 quod
602 1117 684 1157 etsi
711 1116 889 1157 difficile
917 1123 984 1157 est
1014 1117 1204 1170 probatu
1234 1122 1414 1169 propter
1442 1122 1533 1155 tam
1561 1116 1682 1155 uaria
1703 1121 1748 1155 et

147 1191 238 1225 tam
273 1185 412 1225 multa
443 1191 665 1225 tormenta
698 1184 911 1232 fortunae,
944 1185 1032 1225 tale
1063 1191 1213 1224 tamen
1246 1191 1312 1224 est
1347 1190 1394 1224 ut
1427 1183 1746 1224 elaborandum

147 1254 202 1293 sit
244 1267 331 1306 quo
381 1253 549 1293 facilius
592 1253 811 1306 probetur.

879 1253 986 1293 nihil
1036 1260 1103 1293 est
1144 1254 1261 1293 enim
1304 1253 1504 1292 omnium
1547 1266 1661 1305 quae
1703 1253 1747 1292 in

148 1323 426 1376 philosophia
452 1329 698 1363 tractantur
729 1323 849 1376 quod
878 1324 1056 1377 grauius
1090 1322 1536 1376 magnificentiusque
1567 1322 1750 1363 dicatur.

90 1410 127 1434 10
147 1392 183 1432 2.
219 1405 321 1431 nam
352 1406 451 1432 cum
475 1405 526 1432 ea
548 1406 681 1432 causa
703 1392 910 1445 inpulerit
932 1405 1007 1432 eos
1036 1392 1110 1444 qui
1134 1391 1263 1444 primi
1285 1405 1332 1431 se
1354 1390 1410 1430 ad
1442 1390 1748 1444 philosophiae

211 1507 306 1537 uerba
331 1507 484 1538 uirtutem
507 1507 549 1538 ad
574 1507 669 1538 beate
694 1506 873 1537 uiuendum
897 1517 931 1537 se
956 1506 1027 1546 ipsa
1049 1516 1120 1537 esse
1143 1511 1333 1537 contentam
1357 1516 1424 1536 om.
1448 1506 1478 1536 R
1495 1505 1525 1535 V
1543 1505 1568 1535 P
1586 1505 1611 1535 B
1659 1505 1687 1536 E
1705 1516 1715 1536 1
1734 1517 1750 1536 2

148 1551 190 1580 W
208 1561 218 1581 ι
270 1550 306 1581 Μ
326 1561 352 1581 1.
379 1551 569 1591 glossatoris
584 1561 689 1581 manu
705 1550 825 1580 subscr.
844 1550 938 1581 habet
954 1551 995 1580 Π.

215 1594 242 1624 Ι.
274 1595 386 1632 §1‚2‚
418 1593 753 1625 eadereRVPG
801 1594 890 1633 1323
938 1593 1028 1624 K12
1076 1592 1131 1623 E2
1180 1593 1235 1632 L5

688 1637 883 1668 addereBI
935 1637 992 1668 Et
1043 1636 1119 1667 DC
1167 1636 1242 1675 O7.

151 1690 180 1720 3.
212 1681 354 1712 maxime
374 1681 403 1710 R
420 1681 451 1711 V
469 1681 494 1711 B
513 1681 546 1711 K
564 1680 598 1711 S.
617 1681 709 1711 habet
725 1680 755 1712 G
772 1681 830 1710 alt.
849 1691 938 1710 man.
957 1685 1117 1720 superscr-

151 1734 180 1763 5.
223 1724 446 1755 semmonibus
477 1724 507 1755 G
540 1725 577 1754 in
608 1724 814 1755 sermonibus
844 1724 903 1754 alt.
936 1734 1026 1754 man.
1059 1727 1142 1753 mut.

148 1648 187 1668 ea
202 1637 279 1668 dere
297 1638 318 1668 S
336 1642 372 1667 at
387 1647 425 1667 ea
443 1638 479 1668 in
496 1638 547 1668 lit.

149 1773 270 1798 conten
294 1773 360 1798 tam
395 1768 419 1798 B
437 1779 447 1799 1
483 1778 549 1798 ras.
581 1772 657 1798 aule
686 1772 715 1798 et
737 1772 813 1808 post
842 1777 873 1798 n.

149 1846 304 1886 eontepta
322 1845 356 1875 P.
407 1847 418 1880 Η
464 1844 597 1875 difficile
616 1844 640 1874 P
658 1844 702 1875 K.

151 1889 180 1918 8.
213 1889 302 1929 quod
321 1888 351 1919 G
368 1893 402 1918 al
418 1888 439 1918 d
455 1889 524 1918 ead.
543 1899 631 1918 man.
652 1888 759 1918 deleto.
828 1891 838 1924 ΙΙ

141 1939 218 2006 ,ρεὶῖΥ
238 1966 273 1995 P.
366 1975 396 2006 9.
431 1939 586 1996 tractariur
602 1964 632 1996 G
648 1965 716 1995 ead.
735 1975 825 1995 man.

215 2009 277 2046 §2‚
302 2018 348 2039 10.
384 2008 549 2049 impulerit
569 2009 597 2038 R
614 2008 642 2038 V
662 2008 686 2038 P
704 2007 734 2039 G
754 2008 779 2038 B
798 2008 831 2039 K
848 2007 883 2039 S.

195 2102 222 2132 Ι.
254 2102 315 2139 §L
347 2103 451 2131 finem
461 2102 915 2138 faciet...disputationum:

150 2145 199 2176 sor
216 2144 271 2175 the
292 2155 366 2185 gen.
387 2144 427 2175 cs.
448 2144 480 2175 iv
498 2146 546 2179 18,
565 2154 603 2182 41
623 2155 656 2174 n.
679 2155 721 2175 on
746 2144 831 2174 uitio
850 2144 916 2175 and

152 2187 295 2219 Madv-’s
315 2193 392 2218 note
408 2198 450 2218 on
470 2188 542 2218 Fin.
563 2187 583 2218 ii
602 2197 632 2228 9,
653 2197 691 2227 ²7
713 2189 721 2202 ‘
734 2187 839 2228 qualis
856 2188 918 2218 ista

151 2231 362 2273 philosophia
372 2236 431 2265 est,
444 2241 530 2272 quae
544 2241 609 2261 non
624 2230 790 2261 interitum
804 2230 918 2261 afferat

150 2275 321 2315 prauitatis
332 2273 339 2287 ³
355 2275 421 2305 and
436 2273 580 2305 Madv.'s
596 2274 673 2304 Lat.
691 2275 748 2305 Gr.
767 2275 868 2313 §241,
886 2284 913 2314 3,

149 2320 166 2356 ἓ
185 2329 259 2358 242,
276 2328 305 2348 2.

194 2370 263 2398 quo
294 2362 350 2392 die
367 2373 374 2392 :
412 2360 462 2392 for
492 2361 548 2392 the
579 2360 753 2401 repetition
792 2360 829 2390 of
861 2360 916 2391 the

151 2405 347 2436 antecedent
369 2405 403 2435 in
425 2405 480 2435 the
500 2404 634 2435 relative
654 2405 763 2435 clause
785 2404 834 2434 for
860 2403 916 2434 the

151 2448 231 2479 sake
262 2447 300 2479 of
325 2448 486 2479 clearness
519 2448 552 2485 (a
581 2457 680 2488 usage
707 2447 858 2488 frequent
882 2446 916 2477 in

153 2492 235 2532 legal
262 2490 434 2531 formulae)
457 2491 498 2522 cf.
516 2501 549 2532 p.
574 2491 648 2521 Mil.
673 2501 722 2528 το,
751 2500 788 2530 53
816 2493 915 2521 ‘ante

151 2535 289 2565 fundum
311 2535 421 2570 Clodi,
440 2545 506 2575 quo
523 2535 556 2565 in
573 2533 687 2570 fundo,
706 2533 802 2570 ete.';
827 2533 914 2574 Q.F.

153 2578 187 2608 iii
205 2589 234 2618 3,
257 2589 268 2609 1
295 2582 302 2593 ‘
317 2578 405 2608 diem
430 2578 512 2608 scito
532 2587 602 2608 esse
624 2577 750 2608 nullum
775 2587 840 2617 quo
862 2577 916 2608 die

152 2632 218 2652 non
250 2621 404 2659 dicam’;
431 2621 515 2661 Rep.
544 2621 553 2651 i
586 2621 636 2658 26,
671 2630 709 2660 41
748 2620 810 2650 ‘ad
842 2630 916 2650 eam

151 2675 285 2695 causam
302 2664 507 2695 referendum
520 2669 579 2701 est,
593 2674 678 2705 quae
694 2673 791 2694 causa
803 2663 916 2704 genuit

150 2707 344 2739 ciuitatem.'

195 2759 237 2781 ea
257 2753 298 2781 de
317 2759 376 2782 re:
403 2750 451 2781 for
473 2750 528 2781 the
551 2750 648 2781 order
670 2749 707 2781 of
726 2749 783 2781 the
807 2749 915 2781 words

151 2794 193 2825 cf.
210 2795 219 2824 i
239 2803 289 2833 27,
307 2793 348 2825 66
364 2805 396 2824 n.

194 2839 381 2868 admodum
403 2848 481 2877 goes
498 2837 577 2867 with
601 2837 695 2874 sensi,
715 2847 782 2867 ace.
799 2841 834 2868 to
857 2836 913 2867 the

151 2881 244 2911 usual
270 2880 467 2912 Ciceronian
491 2880 577 2911 rule:
603 2891 655 2911 see
677 2879 789 2911 Reid’s
810 2890 841 2911 n.
870 2890 914 2910 on

151 2924 244 2955 Lael.
267 2935 292 2962 1,
314 2934 341 2955 2.

855 1843 980 1874 difficili
999 1844 1028 1874 R
1046 1843 1085 1873 V.

921 1887 1078 1928 probetur
1096 1886 1126 1916 R
1143 1886 1173 1916 V
1187 1885 1218 1917 G
1237 1886 1263 1916 B
1282 1885 1326 1916 K.

1282 1592 1325 1622 W
1338 1602 1354 1622 α
1395 1592 1431 1622 Μ
1450 1601 1461 1622 1
1479 1602 1495 1622 2
1535 1592 1599 1632 HJ
1640 1591 1670 1624 O
1687 1602 1697 1622 1
1717 1603 1747 1634 3.

1389 1635 1430 1666 de
1447 1645 1485 1665 ea
1502 1645 1535 1665 re
1553 1635 1595 1665 W
1611 1645 1623 1666 1
1674 1635 1703 1667 O
1719 1646 1749 1666 2.

1195 1692 1222 1718 4.
1259 1678 1500 1710 accuratissime
1518 1679 1547 1709 R
1565 1679 1595 1708 V
1611 1679 1643 1710 G
1661 1679 1686 1709 B
1705 1679 1749 1710 K.

1308 1721 1338 1753 6.
1385 1726 1574 1753 contentam
1607 1722 1637 1752 R
1654 1722 1685 1752 V
1703 1723 1747 1753 K.

967 1771 1157 1798 contentam
1189 1765 1220 1797 G
1246 1776 1286 1833 nf
1298 1776 1338 1796 ex
1368 1775 1424 1806 mp
1455 1766 1514 1795 alt.
1545 1776 1634 1796 man.
1669 1771 1752 1796 mut.

1226 1841 1340 1873 dificili
1357 1842 1388 1873 G
1405 1842 1460 1872 alt.
1482 1853 1571 1873 man.
1591 1847 1746 1883 superscr.

1492 1886 1657 1927 probaetur
1676 1886 1704 1916 E
1723 1897 1750 1916 1.

973 2006 1126 2048 inpulerit
1145 2006 1173 2037 E
1190 2015 1216 2037 1.

1029 2108 1069 2131 eo
1088 2101 1197 2130 libro:
1222 2099 1277 2130 i.e.
1298 2098 1350 2130 his
1373 2100 1415 2130 de
1431 2100 1572 2134 Virtute,
1588 2100 1630 2130 cf.
1649 2100 1721 2130 Fin.
1742 2099 1752 2131 i

988 2153 1015 2182 3,
1042 2144 1060 2174 8
1090 2144 1098 2158 ⁵
1111 2153 1313 2184 quamquam
1344 2153 1363 2173 a
1390 2148 1422 2174 te
1449 2143 1521 2184 ipso
1552 2143 1585 2174 id
1616 2143 1751 2184 quidem

986 2186 1071 2217 facio
1102 2192 1299 2227 prouocatus
1334 2186 1521 2227 gratissimo
1554 2186 1635 2217 mihi
1666 2186 1751 2218 libro

986 2240 1085 2271 quem
1106 2230 1148 2260 ad
1165 2240 1217 2260 me
1227 2230 1269 2260 de
1288 2229 1409 2260 uirtute
1429 2229 1586 2266 misisti';
1611 2229 1686 2261 Sen.
1708 2230 1750 2260 ad

989 2273 1088 2304 Helu.
1104 2283 1135 2314 9,
1147 2287 1165 2312 4
1177 2278 1295 2314 quotes
1309 2276 1316 2289 ‘
1325 2273 1445 2304 Brutus
1455 2272 1488 2303 in
1498 2283 1539 2304 eo
1555 2273 1639 2304 libro
1651 2283 1751 2314 quem

986 2317 1028 2347 de
1044 2316 1164 2347 uirtute
1186 2315 1395 2357 composuit.5
1433 2315 1647 2356 Quintilian's
1664 2316 1750 2347 criti—

987 2360 1066 2390 cism
1084 2370 1126 2390 on
1140 2359 1268 2390 Brutus’
1282 2359 1525 2400 philosophical
1539 2360 1621 2400 style
1632 2359 1658 2390 is
1674 2360 1750 2391 well

986 2403 1110 2434 known
1129 2402 1161 2443 (x
1180 2413 1204 2439 1,
1221 2402 1293 2443 123)
1313 2403 1458 2434 ‘suffecit
1471 2403 1609 2444 ponderi
1622 2413 1750 2434 rerum:

985 2447 1067 2477 scias
1084 2457 1158 2477 eum
1175 2447 1295 2477 sentire
1310 2456 1395 2487 quae
1411 2445 1516 2476 dicit)

1028 2492 1074 2520 ad
1097 2490 1383 2527 me...scripsisti‚
1419 2490 1537 2520 ‘wrote
1561 2489 1627 2519 and
1657 2489 1749 2521 dedi-

985 2533 1081 2563 cated
1097 2539 1131 2563 to
1148 2544 1200 2564 me
1212 2532 1219 2545 ‘
1233 2542 1240 2569 3
1268 2533 1320 2563 i.e.
1331 2533 1434 2563 adme
1446 2533 1601 2572 scriptum
1617 2533 1748 2569 misisti,

985 2576 1041 2606 the
1060 2576 1142 2607 form
1153 2576 1192 2607 of
1202 2576 1392 2617 expression
1406 2575 1581 2617 employed
1595 2576 1627 2605 in
1638 2588 1669 2615 4,
1689 2586 1701 2606 1
1712 2586 1723 2606 1
1740 2587 1748 2613 ;

985 2619 1026 2650 cf.
1046 2619 1136 2650 Lael.
1168 2630 1195 2657 1,
1218 2632 1237 2659 4
1259 2619 1311 2649 ‘in
1328 2619 1456 2650 Catone
1478 2619 1603 2650 maiore
1622 2619 1679 2660 qui
1701 2623 1750 2650 est

985 2662 1124 2704 scriptus
1141 2664 1182 2693 ad
1200 2668 1232 2693 te
1248 2663 1289 2693 de
1305 2661 1498 2693 senectute.'

1030 2707 1046 2744 ξ
1062 2709 1092 2736 2.
1124 2714 1167 2736 ea
1191 2714 1299 2736 causa
1315 2717 1321 2736 :
1348 2705 1439 2736 Kuh.
1467 2705 1533 2736 and
1560 2705 1665 2745 Hasp.
1694 2715 1749 2736 are

985 2749 1107 2789 clearly
1124 2759 1237 2789 wrong
1253 2749 1286 2780 in
1303 2749 1419 2789 taking
1434 2748 1500 2780 this
1515 2755 1549 2779 to
1566 2758 1659 2779 mean
1678 2748 1748 2779 ‘the

983 2792 1156 2833 foregoing
1165 2790 1433 2827 consideration‚'
1446 2802 1465 2822 a
1476 2791 1632 2832 meaning
1643 2791 1750 2822 which

986 2835 1104 2867 Cicero
1132 2835 1241 2866 would
1273 2835 1356 2866 have
1386 2835 1561 2876 expressed
1593 2835 1635 2875 by
1665 2844 1750 2874 quae

985 2889 1084 2909 causa
1098 2889 1171 2909 cum
1187 2891 1196 2917 ;
1218 2888 1255 2909 ea
1272 2878 1297 2910 is
1314 2877 1490 2919 explained
1506 2878 1550 2917 by
1566 2877 1621 2908 the
1637 2877 1747 2908 clause

985 2922 1282 2958 ut...c0nl0carent;
1322 2921 1378 2952 the
1408 2922 1416 2936 ‘
1429 2920 1526 2962 primi
1559 2920 1615 2961 qui
1641 2930 1677 2951 se
1706 2920 1749 2951 ad
