1913 3132
118 102 244 142 —30.
265 101 340 156 64]
659 104 854 145 LIBER
891 103 1208 155 QVARTVS

1645 115 1723 156 177

121 232 251 272 posse
286 225 330 259 et
366 226 569 273 oportere
601 221 876 261 enumeratio
913 234 1064 261 eorum
1098 220 1173 273 qui
1211 219 1418 261 tulerunt.
1470 220 1551 261 etsi
1584 220 1722 273 aegri-

60 298 103 322 20
120 288 285 329 tudinis
307 288 478 329 sedatio
506 296 551 330 et
581 290 784 330 hesterna
805 290 1107 344 disputatione
1132 290 1357 343 explicata
1384 296 1451 331 est
1473 297 1517 331 et
1539 290 1582 330 in
1607 289 1722 331 Con-

120 357 349 398 solationis
381 358 503 407 libro,
535 373 666 412 quem
699 361 742 400 in
781 359 927 400 medio
964 359 1072 413 (non
1110 360 1228 400 enim
1267 359 1490 412 sapientes
1526 358 1722 412 eramus)

120 439 316 467 maerore
338 434 381 467 et
403 426 556 468 dolore
577 429 937 482 conscripsimus;
968 427 1177 482 quodque
1203 434 1326 468 uetat
1355 427 1641 481 Chrysippus,
1665 427 1720 467 ad

119 497 306 537 recentis
327 497 452 551 quasi
475 504 670 539 tumores
692 499 826 539 animi
850 499 1092 540 remedium
1117 498 1338 546 adhibere,
1361 498 1404 538 id
1434 511 1515 538 nos
1538 497 1722 538 fecimus

118 571 390 619 naturaeque
431 567 521 607 uim
564 567 794 608 attulimus
837 574 885 608 ut
927 567 1225 621 magnitudini
1269 566 1516 607 medicinae
1556 566 1722 608 doloris

57 646 99 681 25
119 635 381 688 magnitudo
404 637 675 678 concederet.

205 704 355 745 XXX.
407 705 473 746 64.
517 705 606 747 Sed
643 706 921 758 aegritudini,
957 705 1014 746 de
1050 718 1138 758 qua
1176 705 1282 745 satis
1323 710 1390 745 est
1431 703 1722 758 disputatum,

118 771 330 814 finitimus
353 780 419 814 est
442 781 596 823 metus,
618 774 674 816 de
696 789 784 828 quo
807 789 947 829 pauca
968 774 1157 816 dicenda
1182 780 1296 815 sunt.
1333 780 1400 814 est
1422 774 1538 814 enim
1563 780 1720 823 metus,

117 849 165 883 ut
197 843 427 896 aegritudo
464 844 717 896 praesentis,
750 845 810 884 sic
847 844 920 885 ille
957 844 1089 885 futuri
1128 843 1243 884 mali.
1296 844 1448 896 itaque
1485 856 1573 883 non
1614 842 1721 882 nulli

117 912 404 966 aegritudinis
437 919 607 966 partem
637 913 862 967 quandam
901 920 1067 954 metum
1101 927 1197 954 esse
1222 912 1442 962 dicebant,
1472 912 1544 952 alii
1571 918 1720 952 autem

78 990 96 1026 5
117 987 285 1022 metum
318 981 676 1036 praemolestiam
709 982 1008 1035 appellabant,
1034 980 1153 1034 quod
1186 987 1253 1021 est
1286 981 1410 1033 quasi
1443 980 1537 1021 dux
1570 994 1722 1020 conse-

185 1093 234 1125 19.
266 1088 341 1124 post
370 1090 521 1125 oportere
552 1083 645 1114 habet
675 1084 705 1114 V
738 1085 843 1115 trium
872 1084 939 1115 litt.
968 1088 1050 1124 spat.
1082 1083 1119 1114 in
1151 1094 1216 1113 ras.
1293 1086 1304 1118 ΙΙ

887 1127 1043 1158 tullerunt
1061 1126 1104 1158 G.

464 1170 657 1212 chrysippus
676 1171 705 1201 R
722 1171 752 1200 V
769 1171 800 1203 G
846 1171 888 1200 W
904 1181 929 1201 1.

731 1214 952 1246 recentesB2
1003 1213 1038 1245 S.

115 1127 274 1158 tullerunt
292 1127 322 1157 R
339 1128 406 1158 eod.
424 1132 490 1158 atr.

116 1176 222 1211 uertat
238 1171 277 1202 V.
364 1174 375 1206 ΙΙ

118 1224 170 1260 23.
203 1213 343 1245 recentis
361 1215 392 1245 R
408 1214 438 1243 V
456 1213 486 1245 G
504 1214 531 1244 Β
548 1214 582 1245 K
600 1214 637 1244 E.

149 1265 158 1282 Ι

116 1301 190 1332 cum
206 1290 246 1321 V.
298 1294 309 1327 ΙΙ
354 1290 523 1322 attulimus
540 1291 570 1321 R
589 1291 614 1321 B
633 1292 655 1322 S
675 1291 713 1322 E.

180 1335 290 1365 XXX.
340 1335 437 1372 §64‚
471 1344 499 1375 3.
549 1334 604 1364 ille
636 1334 695 1374 Β3
755 1335 817 1365 Kz

151 1385 167 1402 e

115 1411 222 1443 illiV.
342 1411 487 1442 illiRG
533 1411 589 1442 ΒΖ
638 1411 699 1441 Kr
750 1411 822 1442 Er.

116 1455 147 1486 R
164 1465 202 1486 10
237 1455 273 1486 Ρ.
370 1454 616 1496 premolestiam
635 1455 665 1485 R
682 1453 730 1486 16.

114 1498 305 1539 pmoleticia
321 1498 350 1529 E
365 1509 376 1529 1
399 1497 481 1538 (sic).

113 1541 188 1573 W2
236 1542 305 1572 ΜΞ
353 1542 479 1572 DCH
525 1541 689 1582 013ed.
712 1542 759 1572 H.

115 1583 195 1626 (non
212 1590 251 1616 ut
265 1585 375 1623 sz.)
419 1585 438 1625 J
485 1585 515 1616 O
532 1594 559 1625 7.

114 1660 224 1703 item);
243 1662 335 1693 N.D.
352 1661 375 1692 ii
390 1672 441 1703 23,
461 1660 607 1701 60;;Off.
626 1661 636 1692 i
653 1674 684 1700 4,
706 1671 754 1696 11,
773 1661 883 1692 shows

113 1705 185 1737 that
208 1710 318 1736 autem
341 1705 432 1736 often
456 1715 569 1736 means
592 1704 691 1736 much
715 1704 771 1736 the
793 1715 883 1735 same

114 1759 151 1780 as
166 1749 263 1780 etiam
279 1748 360 1780 with
381 1759 401 1780 a
422 1747 522 1789 slight
541 1749 658 1779 notion
679 1748 718 1779 of
736 1753 883 1779 contrast

115 1792 149 1824 in
164 1791 326 1823 addition.
359 1791 410 1824 Cf.
433 1790 555 1823 Kuh.’s
570 1802 603 1822 n.
621 1802 665 1823 on
684 1791 693 1823 i
715 1793 764 1828 18,
784 1802 837 1831 42·

159 1837 228 1867 etsi
243 1847 250 1866 ε
282 1836 290 1851 ‘
302 1834 395 1872 still‚’
411 1835 451 1866 cf.
471 1835 483 1866 i
499 1846 552 1875 42,
571 1845 613 1877 99
628 1846 659 1866 n.

157 1881 196 1910 in
213 1880 467 1910 consolationis
481 1880 592 1910 libro:
618 1878 628 1909 i
647 1877 698 1916 26,
719 1878 758 1918 65
775 1889 807 1909 n.

157 1930 228 1954 non
257 1923 352 1953 enim
375 1923 554 1960 sapientes
581 1930 732 1953 eramus.
760 1921 881 1952 ‘Diese

116 1965 195 1997 leise
222 1965 282 1996 mit
313 1966 371 1996 der
401 1965 567 2006 innigsten
591 1965 718 1996 Trauer
744 1975 799 1996 um
827 1964 881 1996 die

115 2008 260 2050 geliebte
276 2009 423 2039 Tochter
444 2008 656 2040 verbundene
680 2009 789 2039 Ironie
805 2008 881 2039 liess

116 2052 186 2083 sich
219 2051 310 2083 nicht
343 2052 551 2092 anmuthiger
587 2052 795 2083 ausdrucken
832 2051 881 2082 als

116 2095 220 2127 durch
244 2095 317 2126 eine
340 2095 463 2133 solche,
490 2100 581 2126 sonst
604 2095 658 2126 bei
682 2095 752 2127 Cic.
780 2105 880 2136 unge-

116 2138 315 2174 wohnliche,
324 2138 523 2170 Parenthese
529 2139 693 2170 zwischen
700 2138 733 2171 d.
744 2139 877 2180 Adject.

115 2182 184 2214 und
201 2182 324 2214 Subst.’
350 2182 493 2212 F.A.W.

159 2227 322 2263 quodque
337 2227 440 2256 uetat.
456 2227 671 2263 Chrysippus
686 2237 693 2256 ε
718 2225 759 2256 cf.
778 2225 881 2266 Chry-

116 2268 241 2310 sippus’
258 2268 377 2306 words,
396 2269 519 2310 quoted
537 2268 580 2309 by
597 2269 715 2306 Galen,
735 2269 777 2299 de
793 2269 879 2309 plac.

117 2312 224 2353 Hipp.
253 2312 286 2342 iv
316 2320 332 2352 7
359 2310 448 2351 (152)
482 2322 513 2352 p.
551 2313 612 2353 398
647 2313 717 2343 Mu.
748 2311 819 2343 καθ’
846 2313 880 2342 ὃν

116 2356 216 2395 λό’γον
247 2356 303 2385 οὐκ
333 2355 372 2385 ἂν
404 2356 584 2394 ἀπελπίσαι
614 2366 660 2386 τις
690 2357 786 2387 οὕτως
818 2356 879 2385 τῶν

117 2400 316 2439 πραγμάτων
340 2399 610 2438 ἑγχρονιζομένων
631 2399 682 2429 καὶ
701 2399 756 2436 τῆς
778 2399 879 2435 παθη-

116 2443 204 2479 τικῆς
230 2443 415 2480 φλεγμονῆς
431 2442 594 2479 ἀνιεμένης
610 2442 664 2472 τὸν
685 2442 783 2480 λόγον
801 2453 879 2482 παρ-

117 2486 318 2521 εισδυόμενον
343 2486 395 2515 καὶ
422 2486 515 2515 οἱονεὶ
538 2484 646 2524 χώραν
670 2485 882 2524 λαμβάνοντα

117 2529 312 2569 παριστάναι
334 2529 393 2566 τὴν
422 2529 478 2558 τοῦ
507 2529 626 2559 πάθους
653 2529 810 2567 ἀλογίανς
837 2528 876 2559 cf.

117 2571 187 2603 also
210 2572 351 2602 Hieron.
377 2571 465 2612 Epp.
487 2581 539 2613 39,
560 2583 580 2610 4
603 2575 734 2603 ‘recens
761 2572 880 2603 uulnus

117 2620 165 2646 est
188 2620 221 2646 et
246 2619 352 2646 tactus
372 2614 433 2645 iste
459 2625 525 2655 quo
549 2614 702 2646 blandior
724 2625 790 2645 non
812 2621 879 2645 tam

117 2663 208 2690 curat
242 2668 341 2699 quam
380 2663 571 2699 exasperat:
610 2663 756 2689 attamen
790 2659 878 2698 quod

116 2706 266 2742 tempore
288 2701 506 2742 mitigandum
523 2706 581 2737 est,
599 2712 657 2732 cur
672 2701 797 2732 ratione
813 2712 880 2732 non

117 2743 311 2781 uincitur?’;
349 2744 411 2775 Ov.
447 2745 535 2786 Epp.
570 2755 609 2775 ex
639 2745 674 2775 P.
700 2744 710 2775 i
740 2754 769 2784 3,
804 2754 838 2784 15
857 2744 879 2774 f.

117 2793 266 2829 tempore
295 2789 431 2819 ducetur
453 2788 553 2828 longo
573 2788 709 2819 fortasse
728 2787 877 2827 cicatrix]

118 2831 251 2863 horrent
282 2831 433 2862 admotas
459 2831 597 2862 uulnera
621 2831 722 2862 cruda
745 2839 879 2862 manus:

580 1127 736 1167 tullerunt
753 1128 796 1157 V.

119 2875 258 2911 Seneca,
274 2875 375 2906 Cons.
389 2875 432 2905 ad
447 2875 549 2905 Helu.
567 2874 577 2906 i
592 2885 607 2906 2
624 2885 632 2911 ;
656 2874 698 2904 de
711 2874 767 2905 Ira
779 2874 812 2904 iii
825 2883 876 2914 39,

119 2927 160 2956 2;
185 2918 270 2949 Plin.
293 2918 382 2959 Epp.
405 2928 436 2949 v.
464 2917 513 2954 16,
542 2928 602 2955 113
628 2917 713 2948 Plut.
742 2917 876 2948 Consol.

211 2991 251 3016 H.

807 1291 988 1322 attullimus
1004 1290 1035 1322 G
1054 1290 1096 1320 K.

876 1334 919 1364 W
938 1345 948 1365 1
966 1344 980 1364 2

945 1421 971 1451 5.
1007 1410 1273 1451 praemolestiam
1292 1410 1322 1440 R
1336 1420 1366 1440 2.

820 1454 1032 1495 premolestia
1048 1454 1088 1484 V.

531 1500 542 1534 ΙΙ
587 1498 802 1539 appellabant
820 1499 851 1529 R
863 1499 893 1529 V
912 1498 942 1530 G
960 1498 1002 1528 K.
1064 1500 1074 1533 ΙΙ

928 1540 1215 1583 ςυοᾶὲΚ67Ι7
1263 1540 1332 1570 ΡΒ
1379 1540 1483 1580 E1—3
1532 1539 1601 1570 W1
1653 1539 1717 1570 M1

651 1585 741 1626 quod
753 1589 795 1617 ὼ
809 1585 835 1615 Β
851 1595 877 1616 2.
927 1584 1170 1626 quod÷K12.

1385 1081 1531 1113 tulerunt
1564 1082 1597 1113 K
1643 1082 1674 1113 O
1694 1093 1721 1112 1.

1197 1137 1246 1158 22.
1282 1130 1371 1157 uetat
1386 1126 1416 1156 R
1433 1136 1445 1156 1
1463 1135 1534 1156 '210
1551 1124 1588 1157 16
1634 1125 1665 1156 G
1681 1126 1717 1156 B.

1063 1169 1246 1211 chrisippus
1264 1169 1291 1200 B
1308 1179 1335 1200 1.
1467 1169 1628 1210 crisippus
1646 1168 1674 1198 E
1693 1179 1718 1199 1.

1131 1223 1181 1252 24.
1214 1211 1379 1243 uimRG
1418 1212 1520 1252 B1-3
1565 1212 1598 1242 K
1635 1212 1721 1242 Wr.

1188 1289 1379 1320 adtullimus
1395 1289 1436 1319 V.

1030 1334 1095 1375 DJ
1143 1333 1267 1373 0137
1325 1333 1378 1364 B1
1412 1337 1446 1362 al
1476 1343 1493 1363 e
1524 1342 1564 1363 ex
1595 1332 1604 1363 i
1637 1336 1718 1362 mut.

1489 1408 1721 1449 praemolestia

1180 1452 1411 1495 praemolestia
1429 1453 1459 1483 R
1476 1452 1506 1484 G
1546 1452 1573 1483 B
1590 1462 1600 1483 1
1617 1463 1633 1483 2
1675 1453 1719 1483 K.

1120 1496 1417 1539 quodestRVG
1458 1496 1514 1536 Β3
1555 1496 1577 1528 S
1617 1494 1722 1527 L2-—6

1262 1583 1318 1624 qui
1336 1584 1353 1614 ἕ
1371 1582 1445 1614 02.

952 1661 992 1691 ad
1012 1660 1127 1702 Apoll.
1145 1670 1171 1691 1.
1191 1659 1410 1700 Chrysippus,
1428 1660 1580 1700 carrying
1597 1664 1653 1689 out
1667 1658 1718 1689 his

952 1704 1026 1735 idea
1048 1704 1084 1734 of
1102 1704 1158 1734 the
1181 1703 1270 1735 close
1291 1703 1434 1743 analogy
1456 1703 1606 1734 between
1627 1702 1720 1733 mind

951 1748 1017 1779 and
1041 1747 1141 1787 body,
1168 1747 1212 1787 by
1234 1746 1342 1777 which
1365 1747 1455 1783 πάθη
1483 1756 1537 1776 are
1559 1745 1720 1786 regarded

951 1801 986 1822 as
1008 1791 1163 1829 diseases,
1183 1790 1334 1831 employs
1355 1790 1411 1820 the
1434 1790 1524 1820 word
1550 1789 1720 1828 φλεγμονὴ

952 1834 1075 1872 (which
1097 1834 1168 1865 Cic.
1191 1844 1297 1865 seems
1321 1838 1356 1864 to
1379 1833 1510 1873 replace
1532 1832 1575 1873 by
1596 1834 1720 1870 tumor)

951 1883 986 1908 to
1003 1879 1124 1908 denote
1142 1877 1197 1908 the
1222 1876 1378 1907 inflamed
1401 1876 1466 1907 and
1489 1876 1625 1907 swollen
1642 1886 1718 1906 con-

951 1921 1058 1952 dition
1074 1921 1111 1951 of
1129 1921 1185 1952 the
1202 1920 1295 1951 mind
1312 1920 1417 1951 under
1432 1920 1489 1950 the
1506 1919 1670 1950 influence
1687 1919 1723 1950 of

974 1964 1042 1995 rief.

949 1975 971 2006 g
995 2007 1140 2039 Pohlenz
1171 2007 1323 2045 (Hermes
1350 2014 1412 2037 XLI
1439 2017 1471 2047 p.
1504 2005 1580 2046 336)
1607 2005 1720 2036 thinks

951 2051 1022 2082 that
1061 2051 1116 2082 the
1155 2050 1229 2082 idea
1266 2060 1333 2081 was
1372 2050 1436 2081 due
1474 2049 1650 2090 originally
1686 2055 1720 2080 to

952 2095 1111 2133 Krantor,
1132 2093 1222 2125 since
1244 2093 1268 2124 it
1292 2093 1319 2124 is
1342 2093 1444 2124 found
1468 2093 1502 2124 in
1526 2093 1582 2124 the
1605 2093 1717 2133 begin-

951 2139 1031 2179 ning
1062 2137 1099 2168 os
1126 2136 1309 2168 Plutarch⁷s
1341 2136 1477 2169 Consol.
1509 2136 1551 2167 ad
1584 2136 1714 2176 Apoll„

951 2181 1060 2212 which
1082 2191 1150 2212 was
1171 2181 1294 2221 closely
1310 2179 1478 2211 modelled
1497 2189 1586 2221 upon
1610 2180 1718 2210 Kran-

951 2223 1030 2256 tor's
1064 2225 1137 2265 περὶ
1172 2225 1314 2255 πένθους.
1356 2224 1412 2254 He
1447 2233 1617 2264 compares
1648 2222 1718 2253 also

952 2269 1090 2303 Seneca,
1115 2267 1215 2299 Cons.
1241 2267 1283 2298 ad
1310 2267 1410 2298 Helu.
1438 2267 1449 2296 i
1474 2277 1515 2304 23
1546 2266 1645 2298 Cons.
1674 2267 1715 2297 ad

952 2313 1054 2343 Marc.
1077 2324 1108 2351 4,
1128 2322 1144 2341 2
1162 2323 1168 2348 ;
1193 2311 1235 2342 de
1252 2311 1307 2341 Ira
1323 2310 1357 2341 iii
1375 2319 1427 2351 39,
1447 2320 1476 2340 2.

994 2354 1139 2386 Cicero's
1154 2354 1241 2395 grief
1253 2365 1319 2385 was
1335 2364 1372 2385 so
1386 2353 1509 2384 violent
1521 2352 1591 2383 that
1606 2352 1647 2383 he
1660 2352 1719 2383 felt

946 2397 1093 2439 justified
1110 2398 1143 2428 in
1159 2398 1359 2438 attempting
1375 2408 1394 2428 a
1406 2396 1531 2427 violent
1548 2396 1693 2436 remedy.

994 2442 1106 2472 XXX.
1137 2442 1218 2479 §64.
1250 2443 1389 2471 metus:
1416 2448 1445 2479 7,
1466 2438 1503 2470 16
1520 2449 1552 2470 n.

992 2487 1072 2516 ine:
1099 2485 1148 2516 sor
1169 2485 1225 2515 the
1245 2484 1431 2515 redundant
1454 2493 1616 2524 pronorm,
1635 2482 1717 2513 used

950 2534 984 2559 to
1008 2529 1101 2569 point
1126 2528 1182 2559 the
1203 2527 1395 2558 distinction
1422 2526 1572 2557 between
1600 2525 1656 2556 the
1681 2531 1718 2555 ut

949 2572 1015 2602 and
1037 2573 1093 2602 the
1111 2572 1157 2602 sic
1181 2571 1300 2609 clause,
1318 2570 1358 2601 cf.
1386 2579 1438 2609 3ο,
1461 2568 1522 2604 61;
1548 2569 1588 2599 de
1611 2568 1670 2600 Or.
1693 2569 1715 2599 ii

950 2625 1002 2655 3ο,
1026 2625 1086 2656 130
1109 2614 1195 2655 ‘qui‚
1213 2619 1247 2644 ut
1268 2614 1397 2644 litterae
1418 2613 1460 2643 ad
1482 2612 1619 2642 uerbum
1640 2612 1716 2642 scri-

947 2658 1094 2689 bendum
1118 2658 1163 2688 sic
1189 2657 1237 2688 illi
1260 2657 1302 2687 ad
1327 2666 1459 2687 causam
1484 2655 1714 2696 explicandam

948 2701 1058 2732 statim
1079 2699 1270 2732 occurrant’
1291 2700 1356 2730 and
1382 2699 1468 2729 Reid
1490 2709 1533 2729 on
1555 2699 1616 2729 Ac.
1636 2698 1658 2729 ii
1684 2709 1713 2739 5,

953 2755 1013 2785 133
1038 2745 1198 2784 Dracger,
1225 2744 1321 2783 Synt.
1340 2743 1371 2774 d.
1391 2743 1467 2772 Lat.
1485 2743 1539 2782 Sp.
1561 2743 1578 2779 ἓ
1595 2750 1646 2781 37.

992 2788 1301 2825 praemolestiam:
1335 2797 1354 2816 a
1390 2785 1482 2816 word
1520 2785 1715 2826 apparently

948 2830 1067 2862 coined
1091 2831 1134 2870 by
1158 2830 1287 2865 Cicero,
1312 2840 1348 2860 as
1371 2828 1395 2859 it
1419 2839 1532 2859 occurs
1560 2828 1716 2859 nowhere

949 2875 1027 2905 else.
1060 2874 1092 2904 It
1109 2873 1135 2904 is
1152 2873 1323 2914 perhapsa
1335 2871 1530 2903 translation
1541 2870 1578 2902 of
1593 2872 1718 2902 Plato⁷s

950 2918 1169 2956 προλὺπησιςς
1195 2917 1278 2957 Rep.
1310 2916 1343 2947 ix
1362 2916 1423 2955 584
1441 2923 1460 2946 C
1478 2916 1588 2945 οὐκοῦν
1614 2916 1664 2945 καὶ
1687 2916 1722 2945 αἱ

1585 2989 1625 3013 12
