1913 3132
127 325 168 358 25

125 667 167 701 30

186 131 243 171 94
404 121 962 163 TVSCVLANARVM
988 119 1145 161 DJSP
1160 120 1280 162 VTA
1297 121 1564 162 TJONVM
1623 121 1708 175 [31.
1731 121 1788 173 76

186 237 459 278 consolando
499 237 731 278 detrahere
773 236 894 277 illam
931 236 1188 290 opinionem
1231 236 1457 285 maerenti,
1493 236 1528 276 si
1565 249 1611 276 se
1642 234 1788 276 officio

188 306 309 360 fungi
351 313 477 360 putet
519 307 634 347 iusto
675 312 809 359 atque
850 305 1012 346 debito.
1064 310 1167 345 sunt
1203 305 1338 345 etiarn
1376 305 1451 358 qui
1490 304 1598 346 haec
1635 305 1786 345 omnia

186 388 347 427 genera
374 375 632 416 consolandi
661 375 873 427 colligant
901 373 1031 426 (alius
1060 373 1178 413 enim
1209 373 1295 413 alio
1325 373 1459 413 modo
1482 378 1715 426 mouetur),
1737 380 1787 414 ut

187 443 274 483 fere
306 457 385 483 nos
418 444 461 483 in
495 442 810 485 Consolatione
839 442 990 482 omnia
1019 442 1062 481 in
1093 442 1443 482 consolationem
1476 455 1610 482 unam
1642 442 1788 483 conie-

185 512 344 562 cimus;
376 519 469 553 erat
491 514 607 553 enim
632 513 675 552 in
697 518 872 552 tumore
900 512 1084 560 animus
1106 518 1152 551 et
1173 511 1318 550 omnis
1340 511 1384 550 in
1406 524 1459 551 eo
1481 510 1787 565 temptabatur

185 584 364 623 curatio.
415 584 491 623 sed
528 582 793 623 sumendum
832 588 1008 634 tempus
1045 586 1112 621 est
1143 594 1232 620 non
1271 581 1416 621 minus
1453 581 1497 621 in
1534 582 1784 621 animorum

186 653 350 692 morbis
386 666 519 706 quam
555 653 598 693 in
633 665 888 705 corporum;
931 657 978 691 ut
1017 651 1307 691 Prometheus
1344 650 1417 690 ille
1453 649 1680 703 Aeschyli,
1716 650 1786 690 cui

184 735 282 762 cum
307 721 475 762 dictum
499 728 637 762 esset:

272 808 449 861 Atqui,
484 807 809 854 Prometheu,
841 813 890 847 te
921 805 1015 846 hoc
1047 812 1222 847 tenere
1259 805 1523 855 existimo,

272 876 465 917 Mederi
499 889 649 930 posse
681 875 934 916 rationem
967 873 1285 922 iracundiae,

248 983 299 1012 24.
331 972 492 1040 mgerenti
508 972 570 1003 sise
587 971 628 1002 W
645 982 670 1003 1.

181 1024 414 1090 maerentissAse
429 1049 459 1079 V
477 1060 568 1079 man.
584 1053 654 1080 ant.
673 1053 831 1089 superscr.

587 1186 622 1202 ne

180 1224 222 1244 ne
238 1223 272 1244 se
291 1213 319 1244 L
330 1223 358 1253 3.

180 1257 335 1288 merentis
351 1262 386 1288 ut
402 1267 437 1287 se
455 1257 490 1286 M
508 1267 534 1286 1.

784 970 924 1002 merenti
940 970 967 1001 si
983 981 1017 1002 se
1034 971 1065 1001 Π
1083 974 1118 1000 at
1133 971 1238 1000 litura
1247 974 1324 1011 post
1339 969 1375 1000 ti.

967 1047 1143 1078 moerentis
1159 1057 1193 1077 se
1211 1046 1241 1078 O
1255 1057 1283 1078 2.

182 1094 271 1124 1312
318 1093 416 1124 K12
465 1093 554 1123 E12
604 1092 692 1131 L25
740 1090 851 1132 DCJ
898 1089 1127 1130 O78ed.H.

182 1136 213 1168 O
232 1147 249 1177 3
297 1135 318 1167 S
342 1140 378 1166 at
401 1147 504 1177 marg.
532 1146 573 1166 ne
596 1145 630 1166 se
654 1135 697 1165 W
716 1145 733 1165 2
758 1139 793 1164 at
814 1144 829 1164 s
845 1139 919 1175 post
943 1135 967 1164 ti
989 1144 1072 1164 eras.
1096 1138 1125 1164 el
1148 1143 1252 1174 marg.
1277 1143 1319 1164 ne
1342 1133 1406 1163 alio
1428 1137 1493 1164 atr.

434 1212 590 1244 merentis
606 1222 641 1243 se
658 1211 687 1241 E
699 1222 716 1252 3
734 1211 779 1241 al.
796 1215 861 1241 atr.
874 1215 1032 1250 superscr.

623 1253 778 1285 merentis
795 1253 884 1294 quod
901 1264 936 1285 se
953 1253 984 1285 O
1002 1264 1027 1284 1.

1494 969 1670 1000 maerentis
1685 979 1720 1001 se
1737 969 1781 1001 G.

1423 1045 1578 1077 merentis
1594 1056 1629 1077 se
1647 1046 1678 1076 R
1725 1046 1749 1076 P
1763 1059 1783 1085 4

1593 1089 1732 1121 merenti
1748 1099 1784 1121 se

1606 1133 1784 1164 moerentis

1111 1215 1249 1240 merenti
1266 1219 1307 1240 ne
1323 1220 1357 1241 se
1376 1209 1429 1240 Pz
1445 1219 1462 1250 3
1502 1209 1558 1249 133
1598 1208 1659 1240 L6
1699 1209 1780 1242 M2.

1122 1252 1277 1283 merentis
1293 1254 1319 1292 ff
1334 1263 1369 1284 se
1383 1252 1412 1283 L
1423 1265 1452 1291 4.
1536 1252 1588 1284 26.
1621 1252 1782 1293 colligunt

1242 1089 1435 1129 merentisse
1454 1090 1490 1120 P.

182 1300 349 1331 RVPG
404 1300 505 1339 B1-3
563 1298 658 1329 Ki‘z
715 1298 737 1329 S
784 1297 875 1328 1⁴:12
933 1296 1038 1328 L2-6
1084 1297 1188 1327 W12
1245 1296 1342 1326 M12
1390 1295 1551 1336 DCHJ
1598 1295 1782 1336 01-378.

181 1354 233 1385 27.
281 1354 340 1374 nos
372 1343 405 1374 in
435 1341 661 1374 consolatione
693 1341 805 1371 omnia
837 1341 868 1371 R
885 1342 910 1372 P
927 1341 959 1372 G
1014 1340 1040 1370 B
1058 1349 1117 1380 1—3
1173 1339 1206 1370 K
1224 1349 1235 1370 1
1252 1350 1267 1370 2
1323 1339 1345 1371 S

785 1394 844 1415 nos
863 1385 1161 1415 —in-c-effiofflwffle
1178 1383 1290 1413 omnia
1306 1383 1348 1413 Π.
1392 1392 1453 1414 nos
1469 1382 1503 1413 in
1519 1381 1781 1414 consolationem

919 1437 980 1457 nos
996 1426 1108 1457 omnia
1124 1425 1157 1456 in
1173 1425 1434 1457 consolationem
1452 1426 1484 1456 D
1499 1425 1539 1457 C.

179 1473 439 1506 consolationem
456 1472 567 1503 omnia
583 1471 783 1503 coniecimus
798 1470 840 1500 W
858 1481 868 1501 1
889 1480 992 1511 marg.
1015 1473 1089 1501 una.

576 1525 628 1556 3ο.
660 1514 805 1554 aeschyli
823 1514 853 1544 R
870 1514 899 1543 V
917 1514 948 1545 G
966 1513 1013 1544 K.

841 1567 892 1597 33.
924 1567 1021 1598 posse
1037 1556 1199 1587 rationem
1217 1556 1243 1586 B
1258 1566 1275 1596 3

180 1397 241 1418 nos
257 1388 291 1419 in
308 1386 534 1418 consolatione
551 1384 662 1426 omnia
678 1384 718 1415 V.

179 1441 278 1462 unam
295 1435 364 1461 cett.
410 1440 473 1460 om.
494 1429 535 1459 W
553 1440 564 1460 1
612 1429 628 1469 J
678 1427 709 1459 O
725 1438 736 1458 1
754 1428 782 1458 8.
847 1430 858 1463 Η

178 1523 248 1548 cett.
285 1528 348 1549 om.
367 1517 397 1548 O
412 1525 441 1556 7.

179 1571 230 1601 32.
263 1561 414 1593 existimo
432 1560 463 1590 R
479 1559 510 1589 V
528 1559 558 1590 G
577 1559 603 1589 B
623 1558 654 1588 K
672 1558 706 1589 S.

179 1605 209 1637 O
223 1615 238 1635 2
255 1615 272 1645 3
288 1614 316 1644 7.
452 1612 547 1644 posse
564 1601 690 1632 ratione
707 1601 735 1631 B
750 1610 762 1631 1
812 1601 844 1630 D
862 1601 904 1630 Π.

177 1658 274 1688 posse
290 1652 369 1678 rone
386 1647 415 1677 L
429 1655 445 1685 5
492 1646 535 1676 W
550 1656 577 1676 1.

178 1692 305 1723 ratione
323 1689 446 1732 ratione
464 1690 488 1720 P
505 1689 571 1719 alio
587 1693 652 1718 atr.

176 1735 321 1766 alterum
337 1740 485 1774 expunx.
501 1733 560 1763 alt.
580 1741 670 1762 man.

176 1788 272 1819 posse
288 1778 416 1809 ratione
431 1776 557 1807 ratione
575 1775 608 1805 K
623 1785 650 1805 1.
696 1784 758 1805 om.
780 1774 807 1804 L
818 1773 849 1804 6.

176 1863 255 1893 Em.
286 1870 312 1893 11
342 1873 373 1903 p.
406 1862 444 1902 58
473 1861 582 1901 points
607 1863 664 1890 out
687 1858 759 1889 that
786 1858 864 1898 they
888 1868 943 1888 are

175 1916 349 1946 necessary
364 1911 398 1935 to
419 1904 514 1935 mark
529 1904 585 1934 the
602 1903 682 1933 time
697 1901 840 1933 referred
857 1907 892 1932 to
909 1901 942 1932 in

176 1949 232 1980 the
248 1949 419 1989 following
442 1948 550 1978 words
565 1951 636 1977 erat
650 1946 738 1976 enim
760 1945 798 1975 in
816 1949 943 1975 tumore

175 1993 318 2023 animus.

217 2037 256 2066 in
281 2038 439 2065 tumore:
474 2033 516 2064 cf.
553 2043 601 2070 12,
636 2031 676 2063 26
711 2032 804 2062 ‘curn
831 2035 941 2061 tumor

175 2079 276 2110 animi
303 2076 508 2113 resedisset’;
534 2076 601 2107 and
620 2075 653 2105 iv
685 2084 737 2116 29,
764 2072 806 2114 63
832 2074 941 2105 where

174 2123 231 2154 the
247 2122 339 2152 word
355 2122 382 2151 is
401 2120 481 2152 used
502 2119 536 2150 in
557 2119 614 2150 the
634 2128 724 2149 same
745 2118 942 2148 connection

173 2176 209 2197 as
224 2165 312 2196 here.

216 2211 254 2239 in
270 2216 328 2239 eo:
353 2218 397 2238 sc.
415 2207 453 2237 in
469 2211 605 2236 tumore.

218 2253 426 2282 sumendum
440 2252 581 2286 tempus
593 2250 665 2279 est:
683 2251 809 2287 tempus
820 2247 934 2277 here:

177 2295 250 2326 ‘the
267 2295 352 2336 right
364 2292 469 2331 time‚⁷
484 2292 524 2324 cf.
540 2291 761 2332 tempestiuam
779 2289 825 2330 (ἐν
844 2288 941 2330 καιρῷ

174 2338 225 2378 γε)
255 2338 372 2369 below.
422 2337 488 2367 For
510 2335 566 2366 the
593 2333 790 2365 connection
814 2333 851 2364 of
873 2333 939 2364 this

174 2383 269 2423 point
281 2381 360 2412 with
377 2378 590 2420 Chrysippus'
606 2377 758 2418 teaching
774 2387 827 2408 see
840 2376 872 2406 iv
887 2386 938 2417 29,

174 2425 214 2466 63
229 2436 260 2455 n.
278 2435 321 2455 on
343 2423 513 2465 ‘quodque
530 2427 620 2453 uetat
637 2418 894 2461 Chrysippus...’

217 2469 391 2506 Aeschyli:
419 2467 527 2497 Prom.
546 2465 657 2495 Vinct.
679 2472 738 2503 377
758 2463 826 2494 soll.
852 2463 936 2494 Oce·

173 2522 255 2543 anus
267 2511 404 2552 speaks:
421 2511 545 2546 οὔκουν,
562 2508 741 2547 Προμηθεῦ,
755 2507 848 2537 τοῦτο
863 2517 936 2544 ’γιγ-

172 2557 314 2591 νώσκεις,
339 2555 387 2584 ὅτι
412 2550 417 2595 Ι
442 2553 536 2592 ὀργῆς
560 2552 712 2588 νοσούσης
735 2551 814 2580 εἰσὶν
836 2550 938 2589 ἰατροὶ

172 2600 280 2638 λό’γοις
302 2597 307 2640 Ι
327 2603 361 2628 to
382 2595 490 2627 which
510 2594 724 2626 Prometheus
743 2593 861 2634 replies
881 2593 937 2622 ἐάν

172 2653 218 2673 τις
250 2643 280 2672 ἐν
310 2639 406 2680 καιρῷ
430 2651 469 2678 ’γε
495 2639 671 2676 μαλθάσσῃ
698 2636 772 2675 κέαρ
792 2636 796 2676 Ι
819 2637 869 2666 καὶ
893 2635 938 2673 μὴ

173 2686 362 2724 σφριγῶντα
407 2681 505 2719 θυμὸν
549 2682 699 2720 ἰσχναίνῃ
740 2680 806 2719 βίᾳ.
851 2679 938 2709 Dav.

173 2738 345 2768 compares
374 2727 514 2757 Hieron.
547 2725 610 2765 Ep.
642 2733 682 2764 39
713 2723 769 2761 (ad
802 2723 938 2752 Paulam

172 2782 270 2812 super
293 2770 384 2801 obitu
405 2768 580 2800 Blaesillae
598 2766 697 2806 filiae)
721 2767 849 2797 ‘recens
869 2766 937 2795 uol-

172 2825 233 2845 nus
250 2819 309 2847 est.
327 2819 360 2844 et
381 2818 487 2844 tactus
507 2812 579 2848 iste,
599 2820 664 2851 quo
685 2809 848 2844 blandior,
871 2818 937 2839 non

171 2863 239 2888 tam
282 2862 372 2888 curat
410 2866 507 2896 quam
544 2859 728 2894 exasperat.
778 2852 937 2882 Attamen

170 2900 259 2942 quod
277 2908 426 2940 tempore
442 2897 660 2938 mitigandum
674 2902 722 2927 est
739 2906 796 2926 cur
812 2895 937 2925 ratione

170 2954 238 2974 non
254 2943 429 2974 uincitur?'
447 2953 465 2972 a
482 2951 618 2983 passage
629 2950 671 2970 no
683 2939 788 2970 doubt
801 2938 935 2969 derived

687 1654 784 1685 posse
800 1644 856 1674 ῐόἓ
874 1643 906 1674 Κ
922 1653 938 1674 2
987 1643 1022 1673 M
1041 1654 1052 1674 1
1102 1642 1175 1674 08.

776 1697 874 1728 posse
888 1686 1014 1717 ratione
1032 1686 1158 1729 ratione
1176 1686 1216 1716 V.

828 1740 924 1770 posse
941 1729 1067 1761 ratione
1084 1729 1211 1761 ratione
1230 1730 1270 1760 R.

1401 1339 1430 1369 E
1443 1350 1459 1370 2
1517 1339 1553 1369 M
1571 1349 1581 1369 t
1601 1349 1616 1369 2
1673 1340 1703 1370 O
1718 1349 1734 1370 2
1749 1349 1780 1379 3.

1671 1436 1732 1457 nos
1748 1426 1783 1456 in

1181 1479 1242 1500 nos
1257 1469 1291 1500 in
1308 1469 1569 1500 consolationem
1587 1468 1699 1500 omnia
1714 1473 1781 1500 una

1145 1512 1281 1543 aeschili
1300 1513 1328 1543 E
1345 1523 1371 1544 1.
1507 1512 1621 1555 eschili
1641 1513 1666 1542 B
1684 1522 1695 1543 1
1745 1512 1782 1544 S.

1322 1556 1344 1587 S
1392 1556 1420 1586 E
1438 1566 1449 1586 1
1467 1565 1484 1586 2
1531 1555 1560 1586 L
1573 1569 1592 1595 4
1639 1556 1676 1586 M
1689 1565 1706 1586 2
1753 1555 1782 1587 C

1052 1609 1147 1640 posse
1164 1599 1290 1630 ratione
1309 1598 1400 1639 R67
1416 1607 1453 1638 17
1500 1598 1557 1629 L2
1574 1609 1590 1639 3
1634 1599 1653 1639 J
1701 1598 1732 1630 O
1750 1609 1777 1630 1.

1292 1652 1388 1684 posse
1404 1641 1476 1673 roni
1495 1642 1521 1672 B
1534 1652 1564 1672 2.
1683 1652 1781 1683 posse

1346 1695 1444 1726 posse
1460 1685 1587 1716 ratione
1604 1685 1732 1716 ratione
1748 1685 1780 1716 G

1432 1739 1530 1769 posse
1546 1729 1603 1759 r&
1618 1738 1674 1769 roe
1691 1729 1734 1759 W
1748 1739 1777 1760 2.

1012 1857 1095 1888 from
1127 1854 1272 1888 Cicero's
1307 1855 1503 1887 Consolatio.
1550 1855 1623 1886 The
1654 1860 1779 1887 extract

1011 1900 1095 1931 from
1126 1900 1183 1930 the
1210 1900 1320 1930 Prom.
1344 1899 1455 1929 Vinct.
1486 1908 1562 1939 may
1585 1899 1669 1929 have
1693 1899 1778 1930 been

1010 1943 1134 1985 quoted
1150 1943 1242 1974 there
1259 1943 1303 1982 by
1321 1941 1458 1979 Cicero;
1485 1942 1624 1973 Hieron.
1647 1942 1711 1983 Ep.
1725 1941 1779 1979 66,

1014 1997 1026 2017 1
1055 1986 1109 2027 (ad
1131 1984 1392 2025 Pammachium)
1421 1986 1554 2016 ‘uereor
1574 1990 1778 2017 ne...attrec·

1009 2036 1082 2061 tans
1098 2029 1217 2060 uolnus
1233 2028 1376 2070 pectoris
1391 2029 1449 2066 tui,
1469 2028 1559 2069 quod
1579 2034 1729 2070 tempore
1745 2034 1777 2060 et

1010 2073 1136 2104 ratione
1153 2078 1301 2104 curatum
1317 2077 1377 2107 est,
1393 2072 1707 2103 commemoratione
1724 2082 1778 2103 ex-

1010 2116 1178 2147 ulcerem.’

1053 2161 1127 2191 cui:
1152 2158 1194 2190 cf.
1211 2169 1232 2189 v
1250 2169 1299 2196 10,
1320 2168 1360 2199 30
1373 2169 1406 2190 n.
1422 2168 1466 2189 on
1481 2168 1571 2199 quos.

1052 2205 1244 2233 rationem:
1279 2202 1327 2232 H.
1354 2201 1542 2242 Stephanus
1567 2201 1632 2232 and
1657 2201 1777 2233 Lamb.

1010 2246 1058 2284 (in
1089 2246 1140 2277 ed.
1178 2246 1210 2286 2)
1242 2245 1406 2287 proposed
1440 2245 1564 2276 mederi
1585 2249 1676 2285 posse
1704 2255 1777 2276 ora-

1009 2290 1128 2320 tionem
1170 2289 1374 2326 iracundiae,
1420 2287 1500 2319 with
1541 2288 1697 2329 synizesis
1743 2288 1777 2319 in

1007 2333 1195 2363 orationem.
1247 2333 1311 2363 But
1343 2332 1368 2362 it
1399 2331 1426 2363 is
1456 2336 1515 2362 not
1541 2341 1714 2372 necessary
1740 2336 1776 2362 to

1007 2376 1124 2417 depart
1145 2376 1229 2406 from
1253 2375 1310 2406 the
1335 2383 1432 2412 MSS.;
1460 2375 1618 2405 rationem
1637 2375 1664 2405 is
1683 2384 1775 2406 more

1007 2419 1194 2460 applicable
1210 2425 1244 2449 to
1260 2418 1466 2449 consolation
1482 2418 1562 2449 than
1577 2417 1681 2448 oratio
1695 2417 1774 2453 and,

1006 2462 1132 2503 though
1154 2462 1210 2493 the
1231 2462 1287 2494 Gk
1304 2462 1362 2492 has
1379 2461 1483 2500 λόγοι,
1499 2461 1556 2492 the
1575 2460 1658 2502 sing.
1679 2461 1775 2500 λόγος

1006 2506 1115 2536 would
1125 2516 1220 2536 mean
1230 2506 1389 2536 rationem
1397 2515 1433 2535 as
1446 2505 1520 2535 well
1533 2515 1568 2535 as
1581 2505 1771 2543 orationem,

1005 2549 1070 2580 and
1089 2549 1161 2580 Cic.
1179 2549 1270 2589 gives
1284 2559 1305 2579 a
1319 2547 1387 2579 free
1403 2547 1606 2579 translation.

1048 2593 1251 2629 respondit:
1290 2601 1326 2622 as
1355 2591 1411 2622 the
1442 2601 1526 2632 pres.
1558 2590 1584 2622 is
1615 2590 1707 2621 usual
1737 2589 1771 2621 in

1005 2635 1145 2676 quoting
1165 2635 1250 2666 from
1273 2634 1340 2665 still
1367 2638 1482 2665 extant
1504 2633 1650 2674 writings
1675 2633 1700 2671 (i
1720 2634 1770 2671 18,

1007 2689 1045 2718 4²
1064 2680 1114 2717 n.)
1132 2678 1278 2709 F.A.W.
1296 2677 1436 2718 thought
1452 2677 1616 2718 respondet
1630 2687 1650 2707 a
1665 2676 1772 2708 better

1007 2722 1143 2762 reading
1159 2722 1248 2752 here.
1275 2721 1340 2752 But
1355 2721 1411 2752 the
1427 2720 1536 2751 words
1551 2730 1624 2750 cum
1645 2720 1770 2750 dictum

1007 2770 1082 2795 esset
1098 2765 1204 2795 above
1220 2764 1311 2795 show
1327 2764 1399 2795 that
1420 2763 1484 2795 this
1499 2769 1620 2794 constr.
1637 2763 1696 2794 has
1712 2768 1771 2793 not

1007 2808 1090 2839 been
1113 2808 1258 2849 adopted
1281 2808 1370 2838 here.
1408 2807 1574 2848 respondet
1595 2805 1705 2836 would
1729 2806 1771 2837 be

1007 2851 1198 2892 impossible
1224 2851 1334 2881 unless
1360 2850 1416 2881 cui
1444 2860 1517 2880 cum
1549 2849 1676 2880 dicitur
1697 2858 1770 2889 pre-

1005 2894 1119 2925 ceded.
1152 2894 1211 2925 Or.
1229 2903 1401 2935 compares
1421 2893 1468 2931 18,
1487 2902 1527 2934 39
1546 2892 1676 2934 ‘inquo
1688 2891 1770 2923 haec

1004 2937 1178 2968 admiratio
1194 2937 1317 2968 fiebat.’
