1913 3132
161 116 176 144 1
191 116 241 155 14
380 104 821 147 TVSCVLANAR
837 104 936 145 VM
961 104 1118 145 DlSP
1132 104 1253 146 VTA
1269 103 1536 145 TJONVM
1647 105 1704 158 [5.
1724 115 1753 156 9

243 217 296 259 V.
339 216 456 271 Quia
478 218 753 272 Chrysippus
774 224 819 258 et
841 218 980 260 Stoici
997 231 1097 258 cum
1121 217 1177 257 de
1193 217 1329 258 animi
1348 216 1754 271 perturbationibus

156 284 385 338 disputant
407 300 615 340 magnam
640 293 809 340 partem
834 287 878 326 in
900 286 967 326 his
991 285 1234 339 partiendis
1260 293 1305 327 et
1334 286 1597 327 definiendis
1626 299 1754 326 occu-

157 355 248 407 pati
270 361 385 404 sunt,
407 355 480 396 illa
501 369 653 409 eorum
677 356 920 408 perexigua
942 355 1084 395 oratio
1106 360 1173 394 est
1195 368 1284 407 qua
1307 355 1568 395 medeantur
1596 354 1754 394 animis

157 436 236 463 nec
264 437 339 464 eos
368 413 645 464 turbulentos
679 438 775 465 esse
807 425 1043 477 patiantur,
1079 424 1361 476 Peripatetici
1396 430 1544 464 autem
1577 424 1633 464 ad
1664 424 1756 476 pla-

119 492 321 533 Scandos
351 494 523 534 animos
556 493 695 534 multa
726 493 944 541 adferunt,
976 494 1126 546 spinas
1170 493 1388 546 partiendi
1430 499 1475 534 et
1516 492 1757 534 definiendi

157 564 525 614 praetermittunt.
562 561 828 616 quaerebam
848 563 991 615 igitur,
1007 568 1154 613 utrum
1171 561 1412 615 panderem
1432 561 1530 603 uela
1546 562 1757 602 orationis

156 631 306 671 statim
329 644 385 671 an
407 645 505 672 eam
528 638 631 672 ante
653 631 880 684 paululum
904 630 1236 673 dialecticorum
1260 631 1391 671 remis
1414 630 1719 684 propellerem.

247 700 339 740 Isto
381 701 514 743 modo
557 713 660 740 uero
674 714 682 749 ;
726 700 808 740 erit
849 700 968 740 enim
1010 699 1094 739 hoc
1137 705 1282 739 totum
1329 698 1450 753 quod
1493 712 1657 752 quaero
1697 712 1757 739 ex

157 774 344 822 utroque
367 768 612 821 perfectius.

101 852 138 874 ιο
245 838 310 879 10.
356 838 434 878 Est
464 838 506 878 id
535 838 714 890 quidem
742 838 928 886 rectius;
960 836 1037 877 sed
1068 844 1169 890 post
1199 837 1404 890 requires,
1426 837 1462 876 si
1492 836 1597 891 quid
1629 836 1758 877 fuerit

157 906 395 947 obscurius.

245 975 424 1016 Faciam
447 976 675 1028 equidem
708 982 755 1015 tu
778 981 939 1022 tamen,
963 981 1011 1015 ut
1038 974 1164 1024 soles,
1187 973 1307 1014 dices
1335 975 1419 1014 ista
1449 974 1545 1027 ipsa
1573 974 1759 1015 obscura

159 1043 331 1096 planius
353 1057 486 1097 quam
510 1045 717 1084 dicuntur
738 1057 763 1083 a
787 1042 979 1084 Graecis.

246 1112 403 1153 Enitar
430 1112 647 1166 equidem,
669 1113 746 1153 sed
777 1112 948 1152 intento
975 1125 1085 1165 opus
1112 1118 1178 1152 est
1205 1113 1365 1161 animo,
1390 1126 1445 1152 ne
1473 1112 1625 1153 omnia
1646 1111 1756 1152 dila-

102 1194 138 1227 15
159 1179 330 1229 bantur,
361 1181 396 1220 si
425 1195 560 1221 unum
591 1181 758 1234 aliquid
787 1179 1002 1233 effugerit.
1049 1180 1273 1233 quoniam,
1300 1193 1414 1233 quae
1446 1180 1603 1222 Graeci
1636 1179 1758 1232 πάθη

223 1267 264 1297 V.
296 1276 326 1297 2.
358 1265 600 1298 inhisRVG
648 1266 735 1296 1312
783 1264 904 1297 KSE
952 1265 1016 1295 Mt
1065 1264 1199 1304 0137·
1325 1264 1512 1296 iniist.
1644 1264 1758 1296 inhiis

159 1310 190 1340 D
207 1311 238 1341 H
283 1309 314 1341 O
329 1312 358 1341 8.
450 1320 477 1350 5.
512 1309 665 1341 adferunt
683 1309 714 1339 R
730 1309 761 1339 V
777 1308 808 1340 G
826 1308 870 1339 K.
959 1308 1100 1339 afferunt
1118 1308 1144 1338 B
1162 1310 1198 1340 5.
1298 1307 1329 1339 6.
1361 1309 1436 1340 uela
1452 1308 1611 1340 orationis
1628 1307 1651 1340 S
1698 1309 1727 1339 E
1740 1319 1756 1340 ἰ

158 1353 201 1383 W
213 1363 230 1384 2
278 1354 315 1384 M
331 1363 342 1384 1
358 1363 373 1383 2
422 1354 451 1383 Π
498 1352 528 1385 O
544 1363 560 1383 2
576 1362 600 1392 7.
788 1351 862 1383 uela
879 1351 1038 1383 orationis
1054 1352 1084 1381 V
1100 1356 1139 1418 αί1
1152 1361 1191 1382 ue
1207 1357 1302 1382 extra
1319 1351 1440 1383 lineam
1456 1358 1485 1382 el
1499 1352 1570 1383 alia
1587 1362 1676 1382 man.
1694 1362 1755 1382 scr.

292 1396 357 1421 uela
1095 1403 1130 1419 ue
1142 1403 1159 1419 a

158 1430 303 1471 pandere
333 1431 491 1461 orationis
508 1430 534 1460 B
551 1440 561 1460 1
582 1430 627 1460 al.
646 1434 711 1461 alr.
731 1440 798 1460 ras.
810 1433 884 1469 post
900 1430 928 1459 ὅ.
1140 1428 1179 1459 ul·
1191 1428 1349 1459 orationis
1367 1428 1396 1459 E
1413 1439 1424 1459 1
1444 1429 1489 1459 al.
1508 1433 1574 1460 atr.
1593 1433 1755 1469 superscr.

1229 1479 1246 1496 a

1157 1505 1209 1536 uel
1227 1505 1383 1547 orationis
1402 1506 1432 1536 R
1449 1516 1461 1537 1
1482 1515 1572 1536 man.
1591 1510 1666 1537 ant.
1682 1510 1753 1546 sup.

1189 1559 1227 1579 ea
1245 1554 1354 1580 [nante
1372 1549 1405 1579 K
1422 1558 1447 1579 1.

664 1506 680 1537 l
695 1505 854 1537 orationis
872 1506 905 1536 K
922 1515 944 1535 1.

596 1560 639 1581 an
655 1560 694 1581 ea
709 1555 786 1581 ante
804 1550 830 1580 B
848 1559 859 1580 1
881 1560 947 1579 ras.
960 1554 1035 1589 post
1051 1559 1099 1579 ea.

159 1506 193 1537 u}
208 1507 366 1538 orationis
384 1508 410 1538 B
423 1517 451 1538 α.

158 1551 211 1581 uel
227 1551 384 1582 orationis
401 1550 443 1582 G.
535 1559 564 1589 7.

224 1629 240 1665 ἓ
256 1630 305 1665 10,
330 1637 378 1667 13.
411 1602 528 1669 planiis
545 1626 576 1658 G
593 1627 652 1657 alt.
672 1637 762 1657 man.
780 1631 937 1667 superscr.

1057 1635 1105 1665 15.
1139 1624 1495 1666 unumaliquidR16
1541 1625 1620 1656 VG
1667 1626 1757 1656 sz

161 1670 233 1702 KS
281 1671 385 1717 Εῑ-3,
434 1672 464 1701 Π
511 1670 614 1711 078.

863 1668 1160 1710 unumaliquodP
1207 1669 1263 1709 B3
1310 1669 1382 1700 Wr
1433 1669 1531 1700 Miz
1579 1668 1606 1700 C
1652 1668 1759 1700 012.

1408 1745 1759 1786 patheRVGBK.

705 1721 722 1738 0

162 1758 265 1778 unum
281 1747 323 1778 ad
342 1748 383 1778 W
396 1758 424 1778 2.
579 1757 681 1778 unum
697 1747 739 1777 ad
758 1747 791 1777 K
805 1757 832 1777 2.

992 1756 1094 1776 unum
1111 1745 1213 1786 aliqd'
1229 1745 1259 1785 J.
1329 1749 1340 1781 Η

160 1791 260 1831 pathe
278 1791 299 1823 S
317 1801 424 1831 marg.
443 1792 561 1821 παθοσ.

162 1866 236 1897 Fin.
254 1866 275 1896 ii
296 1876 345 1908 19,
364 1865 430 1905 603
455 1866 533 1897 Diu.
550 1867 571 1897 ii
590 1868 640 1907 58,
665 1877 743 1903 1203
768 1865 821 1907 63,
845 1876 922 1908 129³

161 1911 222 1941 Ac.
259 1910 292 1940 ii.
330 1919 382 1948 22,
420 1919 455 1950 71
497 1911 562 1941 and
603 1909 716 1941 Reid’s
744 1920 775 1941 n.
818 1910 920 1941 there.

161 1953 312 1984 Another
338 1963 406 1989 use,
432 1963 587 1984 common
618 1953 650 1983 in
683 1953 816 1984 Plautus
849 1953 925 1994 (e.g.

985 1866 1116 1906 ’Έκτορι
1146 1866 1202 1904 μὲν
1236 1869 1287 1897 καὶ
1318 1868 1421 1906 Τρωσὶ
1449 1867 1485 1897 τὸ
1516 1867 1648 1907 κέρδιον,
1680 1872 1758 1905 etc.,

995 1911 1127 1941 Petron.
1146 1920 1162 1940 2
1182 1910 1341 1941 Pindarus
1357 1920 1544 1951 nouemque
1560 1910 1664 1951 lyrici.

1037 1955 1181 1990 spinas:
1205 1953 1248 1984 cf.
1273 1954 1442 1994 spinosum
1470 1954 1605 1995 applied
1637 1959 1671 1985 to
1703 1953 1758 1984 the

163 1997 258 2038 Capt.
292 1995 365 2031 268,
390 1996 484 2027 Trin.
511 1995 599 2036 306),
625 1996 658 2027 in
682 1996 790 2028 which
819 2007 872 2028 -ne
899 1998 926 2027 is

162 2040 339 2081 appended
352 2045 385 2070 to
402 2040 457 2070 the
476 2039 543 2070 first
553 2039 719 2080 emphatic
736 2040 827 2071 word
843 2040 926 2071 after

163 2088 279 2114 utrum
303 2083 336 2113 in
360 2083 415 2114 the
439 2083 602 2123 question,
625 2083 650 2114 is
673 2083 744 2114 also
767 2083 868 2113 found
892 2083 926 2113 in

164 2126 292 2165 Cicero,
324 2136 388 2167 eg.
420 2126 452 2156 iv
482 2135 533 2166 27,
565 2136 624 2167 59;
657 2136 687 2167 p.
722 2126 836 2166 Quint.
870 2136 923 2167 30,

189 2180 217 2200 z.

165 2179 184 2211 9
207 2215 288 2244 uela.
303 2213 536 2243 facere=uela
552 2213 710 2254 pandere,
729 2213 770 2243 cf.
789 2213 880 2244 Verr.
905 2212 927 2243 ii

168 2267 197 2297 5,
216 2266 266 2296 34,
285 2257 326 2287 88
344 2260 350 2271 ⁴
364 2256 436 2287 uela
452 2256 521 2287 fieri
537 2256 721 2296 imperauit.
732 2257 738 2268 '

209 2302 404 2337 remigare:
452 2299 491 2330 cf.
540 2300 779 2330 dialecticorum
828 2300 929 2330 remis

167 2343 284 2375 below.
335 2343 408 2373 The
449 2342 624 2384 metaphor
668 2347 829 2373 contrasts
873 2343 929 2373 the

167 2386 299 2418 smooth
313 2387 379 2416 and
395 2386 462 2417 free
478 2392 667 2417 movement
684 2385 721 2416 of
735 2385 930 2416 continuous

168 2431 334 2461 discourse
351 2429 431 2460 with
449 2429 504 2460 the
522 2429 619 2470 jerky
634 2429 699 2459 and
716 2429 834 2460 slower
856 2439 930 2470 pro-

169 2484 239 2504 cess
254 2473 291 2503 of
303 2473 455 2504 dialectic
470 2478 654 2513 argument.

213 2517 256 2547 V.
290 2519 375 2553 quia
390 2528 398 2547 :
423 2517 668 2557 ellipticzlzaec
685 2516 761 2545 dixi
779 2516 872 2555 quia,
890 2515 930 2546 cf.

171 2561 204 2591 iii
223 2570 313 2600 7,14
330 2571 361 2591 n.
381 2571 424 2591 on
444 2559 630 2601 ‘quoniam.
638 2559 645 2573 ’

216 2606 433 2641 Chrysippus
451 2607 487 2634 et
507 2606 651 2634 Stoici:
658 2608 686 2632 et
706 2602 797 2632 cetere
820 2601 932 2637 Stoici,

170 2649 226 2679 the
256 2647 357 2679 views
380 2647 418 2678 of
440 2647 644 2688 Chrysippus
671 2645 770 2686 being
801 2645 848 2675 sar
877 2646 933 2675 the

172 2698 256 2723 most
288 2691 470 2723 influential
502 2701 624 2731 among
661 2689 716 2720 the

171 2736 314 2767 Cicero’s
338 2735 413 2775 day.
447 2734 529 2765 This
553 2733 650 2764 mode
673 2732 711 2763 of
728 2731 928 2772 expression,

172 2778 279 2810 which
305 2779 331 2809 is
357 2788 510 2809 common
535 2777 568 2807 in
601 2776 656 2807 Gk
686 2775 752 2806 and
784 2775 873 2812 Lat„
906 2774 934 2805 is

171 2822 353 2852 illustrated
371 2822 413 2862 by
429 2822 530 2858 Dav„
550 2820 625 2851 who
641 2828 811 2860 compares
828 2818 906 2848 Diu.
923 2818 934 2848 i

173 2875 223 2904 53,
253 2875 306 2895 121
334 2865 461 2895 Dareus
483 2870 514 2895 et
538 2864 656 2894 Persae
675 2862 718 2893 ab
743 2861 934 2892 Alexandro

171 2915 204 2939 et
244 2908 505 2944 Macedonibus;
546 2907 687 2942 Homer,
720 2904 761 2936 ΙΙ.
801 2905 855 2935 xix
894 2903 933 2945 63

755 2687 862 2720 Stoics
899 2688 937 2718 of

994 1996 1086 2028 Stoic
1102 1997 1184 2037 style
1200 1997 1234 2027 in
1254 1996 1327 2027 Fin.
1345 1996 1380 2028 iii
1401 2008 1426 2032 1,
1442 2007 1458 2037 3
1477 1997 1600 2038 quoted
1616 1997 1650 2028 in
1667 2007 1701 2028 n.
1717 2007 1761 2028 on

994 2040 1005 2070 i
1029 2040 1059 2076 8,
1086 2039 1144 2076 163
1170 2040 1239 2070 also
1263 2038 1335 2070 Fin.
1363 2039 1395 2070 iv
1419 2050 1449 2080 3,
1472 2040 1515 2077 6;
1543 2041 1675 2071 dumeta
1697 2040 1759 2071 Ac.

995 2083 1017 2113 ii
1035 2093 1086 2123 35,
1109 2093 1188 2120 1123
1215 2083 1306 2114 N.D.
1327 2084 1337 2113 i
1355 2093 1406 2122 24,
1425 2082 1477 2114 68.

1039 2128 1304 2157 dialecticorum
1329 2127 1460 2158 remis:
1497 2127 1584 2158 ‘h.e.
1615 2137 1658 2157 an
1688 2136 1758 2157 ora-

997 2169 1121 2200 tionem
1142 2169 1310 2201 exordirer
1341 2180 1431 2200 more
1462 2169 1709 2201 dialecticorum
1741 2180 1760 2200 a

997 2212 1167 2244 subtiliore
1188 2213 1423 2254 disputatione,
1442 2223 1527 2254 quae
1546 2213 1665 2244 lentius
1685 2223 1758 2254 pro-

995 2255 1156 2296 greditur'
1188 2256 1278 2287 Kiih.
1311 2256 1362 2288 Cf.
1391 2256 1425 2287 iii
1457 2256 1486 2292 6,
1523 2266 1559 2296 13
1595 2256 1757 2297 ‘primo...

997 2299 1183 2331 Stoicorum
1200 2309 1291 2330 more
1306 2299 1466 2340 agamus?

1041 2345 1112 2373 isto
1126 2345 1228 2373 modo
1249 2351 1352 2374 uero:
1380 2346 1387 2359 ‘
1402 2343 1449 2374 As
1471 2353 1536 2383 you
1556 2347 1700 2383 suggest,
1718 2343 1762 2383 by

998 2386 1042 2416 all
1073 2385 1209 2416 means-²
1255 2387 1315 2417 islo
1344 2386 1424 2417 does
1455 2391 1512 2416 not
1543 2396 1676 2426 express
1706 2386 1762 2416 the

1000 2430 1100 2459 latter
1124 2429 1319 2460 alternative
1346 2429 1405 2460 but
1436 2429 1491 2460 the
1523 2429 1658 2460 method
1688 2439 1761 2469 sug-

999 2472 1113 2512 gested
1154 2473 1196 2512 by
1226 2472 1282 2503 the
1320 2483 1440 2513 person
1477 2472 1664 2510 addressed‚
1707 2472 1762 2503 the

1002 2515 1151 2546 mention
1177 2515 1214 2546 of
1233 2516 1445 2546 alternatives
1476 2516 1576 2556 being
1601 2515 1702 2546 taken
1730 2521 1762 2546 to

1002 2558 1106 2599 imply
1126 2569 1146 2589 a
1164 2559 1468 2590 recommendation
1489 2558 1527 2589 of
1547 2558 1631 2590 their
1648 2568 1763 2599 aecep-

1002 2606 1106 2633 tance.
1155 2602 1220 2632 For
1244 2602 1299 2633 the
1322 2601 1515 2633 affirmative
1537 2612 1593 2633 use
1615 2602 1652 2632 of
1676 2612 1762 2637 uero,

1002 2650 1060 2675 not
1075 2655 1276 2676 uncommon
1291 2647 1325 2676 in
1340 2645 1470 2686 replies,
1488 2645 1530 2676 cf.
1547 2645 1570 2675 ii
1590 2655 1639 2680 11,
1658 2644 1709 2676 26.

1044 2695 1087 2718 ex
1102 2692 1262 2727 utroque,
1284 2691 1291 2705 ‘
1301 2689 1345 2729 by
1359 2699 1402 2719 an
1418 2688 1621 2729 application
1636 2687 1673 2719 of
1685 2688 1766 2718 both

1002 2731 1177 2762 methods.’

1045 2775 1126 2812 §1⁰-
1161 2777 1339 2806 animose.
1358 2778 1424 2811 tuo,
1442 2774 1482 2805 cf.
1505 2774 1572 2814 ii5,
1596 2785 1645 2814 15.

1045 2825 1113 2849 ne..
1122 2820 1349 2856 dilabantur,
1373 2818 1451 2849 ‘lest
1468 2818 1523 2848 the
1541 2817 1648 2848 whole
1669 2827 1763 2857 argu-

1004 2866 1094 2891 ment
1115 2861 1154 2891 be
1170 2860 1234 2892 lost
1251 2860 1279 2892 if
1297 2871 1316 2892 a
1331 2861 1437 2902 single
1450 2866 1547 2910 §tage
1571 2861 1597 2891 is
1622 2859 1765 2891 missed)

1005 2903 1138 2934 Editors
1164 2914 1318 2946 compare
1345 2904 1419 2934 Fin.
1447 2904 1482 2934 iii
1508 2914 1558 2939 η,
1588 2913 1626 2943 74
1657 2904 1766 2934 where
