1913 3132
100 414 142 438 20

76 492 107 549 ΓΑ

69 569 83 640 ll

102 760 142 794 25
163 748 396 788 exsultans
427 755 471 788 et
503 755 669 788 temere
700 748 895 800 gestiens
927 760 1075 787 nonne
1107 752 1234 786 tanto
1264 745 1462 785 miserior
1487 752 1657 800 quanto
1685 743 1775 801 sibi

104 1106 145 1139 30

159 84 242 123 216
386 82 940 125 TVSCVLANARVM
966 82 1257 124 DISPVTA
1274 82 1542 124 TIONVM

1624 81 1756 138 [6.15

160 210 294 250 quam
326 195 505 237 beatus?
557 197 623 239 16.
665 196 786 250 quid,
808 196 883 249 qui
911 209 1001 236 non
1031 196 1166 236 modo
1197 210 1249 237 ea
1278 195 1423 236 futura
1444 188 1585 243 timet,
1609 208 1762 235 uerum

160 266 294 305 etiam
330 265 411 306 fert
444 266 721 319 sustinetque
753 265 1029 319 praesentia?
1065 264 1182 305 adde
1217 265 1374 305 eodem
1407 264 1579 313 exsilia,
1609 263 1766 312 luctus,

160 335 400 384 orbitates·,
428 336 502 388 qui
533 336 661 376 rebus
690 335 758 375 his
788 334 951 375 fractus
980 335 1257 387 aegritudine
1283 334 1470 383 eliditur,
1492 339 1640 386 potest
1669 339 1765 373 tan-

161 402 263 443 dem
293 417 388 443 esse
420 417 508 443 non
542 404 837 444 miserrimus?
879 402 986 456 quid
1020 407 1152 443 uero?
1185 402 1307 442 illum
1342 416 1475 455 quem
1508 401 1767 442 libidinibus

162 470 486 512 inflammatum
520 479 563 513 et
601 472 818 513 furentem
857 471 1072 521 uidemus,
1103 472 1255 512 omnia
1291 470 1442 511 rabide
1479 471 1765 523 adpetentem

162 553 262 580 cum
296 540 554 594 inexplebili
581 542 836 594 cupiditate,
866 554 1044 594 quoque
1072 540 1322 580 affluentius
1354 539 1608 593 uoluptates
1640 539 1768 579 undi-

163 623 249 662 que
291 601 476 658 hauriat,
513 624 565 650 eo
612 610 790 663 grauius
828 609 1144 661 ardentiusque
1176 609 1413 663 sitientem,
1455 602 1603 648 nonne
1650 613 1767 648 recte

164 679 457 720 miserrimum
487 679 680 720 dixeris?
718 680 851 732 quid?
882 679 1024 719 elatus
1054 678 1126 718 ille
1152 678 1333 718 leuitate
1362 665 1570 730 inanique
1600 676 1768 717 laetitia

164 818 340 858 uidetur
376 818 577 875 beatior?
628 831 734 870 ergo
769 824 816 857 ut
854 817 897 857 hi
931 817 1090 865 miseri,
1122 817 1183 856 sic
1220 796 1635 856 co‘fi'ffa'i'illi‘beati'
1657 828 1769 868 quos

164 885 270 926 nulli
295 893 437 927 metus
461 874 637 936 terrent,
661 887 808 927 nullae
831 886 1131 940 aegritudines
1160 885 1542 965 exedunt,‘9ullae
1564 884 1769 925 libidines

165 957 361 1006 incitant,
381 957 527 997 nullae
545 956 713 997 futtiles
731 957 926 997 laetitiae
942 956 1220 997 exsultantes
1240 953 1461 1008 languidis
1482 954 1770 1008 liquefaciunt

163 1025 479 1077 uoluptatibus.
521 1032 569 1066 ut
603 1026 734 1065 maris
767 1026 899 1078 igitur
931 1024 1228 1077 tranquillitas
1260 1023 1529 1076 intellegitur
1561 1022 1682 1062 nulla
1712 1035 1769 1062 ne

165 1094 349 1134 minima
375 1093 554 1147 quidem
585 1108 691 1134 aura
723 1093 881 1134 fluctus
910 1100 1236 1140 commonente,
1265 1093 1326 1132 sic
1358 1092 1494 1132 animi
1520 1091 1696 1144 quietus
1724 1097 1770 1132 et

165 1162 365 1215 placatus
394 1170 536 1203 status
568 1163 760 1203 cernitur
792 1177 891 1203 cum
927 1162 1200 1216 perturbatio
1233 1161 1354 1201 nulla
1385 1167 1453 1201 est
1483 1174 1571 1214 qua
1603 1161 1771 1200 moueri

164 1237 308 1283 queat.
343 1231 408 1273 17.
440 1231 599 1284 quodsi
616 1239 683 1272 est
706 1233 780 1285 qui
803 1232 893 1272 uim
913 1231 1126 1279 fortunae,
1144 1232 1219 1285 qui
1241 1231 1392 1271 omnia
1414 1230 1620 1279 humana,
1637 1244 1770 1283 quae-

164 1313 353 1353 cumque
385 1301 583 1342 accidere
615 1309 815 1355 possunt,
849 1301 1098 1342 tolerabilia
1130 1302 1275 1348 ducat,
1307 1314 1365 1340 ex
1397 1313 1486 1353 quo
1523 1313 1603 1339 nec
1640 1300 1772 1339 timor

228 1403 309 1440 §16‚
335 1403 381 1433 18.
417 1402 503 1434 adde
521 1403 551 1432 V
569 1402 591 1434 S
639 1403 668 1434 E
685 1414 696 1435 1
715 1415 744 1444 3.

162 1445 258 1476 adde.
302 1446 383 1477 aede
402 1446 428 1476 B
444 1456 471 1476 1.

162 1488 356 1520 libidinibus
374 1489 404 1520 R
421 1490 451 1519 V
469 1490 499 1521 G
517 1490 543 1520 B
562 1490 604 1521 K.

164 1542 216 1562 νη.
249 1531 435 1564 affluentius
454 1534 483 1563 R
499 1533 530 1563 V
547 1533 578 1566 G
596 1534 622 1564 B
640 1533 674 1564 K
691 1533 713 1566 S
733 1534 772 1566 E.

162 1576 268 1606 elatus
286 1576 315 1606 V
335 1577 359 1607 P
378 1577 407 1608 G
426 1577 452 1607 B
472 1576 493 1607 S
514 1576 554 1607 E.

162 1633 288 1658 temere
301 1627 334 1668 J.
496 1631 584 1659 teme
602 1630 639 1660 P.

164 1703 279 1734 timere
297 1704 327 1736 G
347 1705 378 1735 K
396 1705 418 1737 S
438 1705 478 1736 E.
599 1706 717 1737 timore
734 1707 773 1737 B.

163 1747 307 1778 sicontra
326 1748 368 1778 K.
498 1759 548 1789 27·
582 1749 736 1781 libidines
754 1750 784 1780 R
800 1750 831 1780 V
849 1749 878 1781 G
898 1749 924 1780 B
943 1750 986 1780 K.

165 1791 191 1821 B
210 1801 221 1821 1
270 1791 313 1821 W
330 1802 354 1821 1.
402 1795 412 1828 [Ι
459 1793 643 1823 exultantes
661 1794 692 1824 R
707 1794 738 1824 V
755 1793 785 1825 G
804 1794 830 1824 B
849 1793 882 1824 K
899 1792 921 1824 S
942 1793 980 1823 E.
1028 1795 1040 1827 Η
1086 1791 1320 1833 liquaefaciunt
1337 1790 1380 1822 G.

875 1847 925 1877 30.
962 1836 1099 1867 minima
1116 1836 1147 1866 R
1164 1835 1194 1865 V
1214 1836 1237 1865 P
1255 1834 1285 1866 G
1304 1834 1330 1865 B
1348 1834 1391 1865 K.

231 1878 314 1915 §17‚
336 1889 387 1919 3²·
419 1889 648 1921 quaecumque
666 1879 726 1911 R6
742 1890 758 1920 7
806 1880 847 1910 W
868 1891 880 1911 1
927 1880 947 1921 J
995 1879 1025 1911 O
1043 1889 1054 1910 1
1074 1889 1101 1920 3.

166 1834 197 1864 R
214 1833 245 1863 V
263 1834 294 1865 G
312 1835 338 1865 B
357 1835 400 1865 K.
491 1836 684 1877 intelligitur
702 1836 724 1869 S
742 1837 783 1867 E.

167 1953 228 1984 Kr
279 1954 301 1986 S
350 1955 441 1988 E12
489 1956 588 1987 M12
636 1957 763 1988 DCH
811 1956 917 1997 0²7·

167 1997 365 2041 tollerabilia
383 1999 423 2030 G.

209 2085 287 2122 §16.
315 2087 471 2122 eliditur,
486 2087 529 2118 ‘is
539 2088 698 2119 crushed‘
717 2087 793 2124 ;the
805 2087 897 2119 word
908 2088 934 2118 is

167 2128 247 2159 used
258 2128 296 2159 of
306 2129 398 2170 ships
414 2130 542 2161 broken
560 2142 603 2172 up
621 2131 654 2161 in
670 2142 689 2162 a
705 2136 806 2163 storrn
822 2130 932 2172 (Caes.

169 2171 252 2203 B.C.
279 2171 324 2202 iii.
355 2173 421 2213 27),
451 2173 488 2203 of
508 2174 692 2215 strangling
723 2175 816 2213 (elisa
832 2174 935 2216 fauce

168 2214 234 2246 Ov.
263 2215 312 2245 M.
339 2216 394 2247 xiv
422 2218 504 2257 7383
533 2217 566 2247 ix
594 2218 676 2259 198;
712 2218 756 2248 xii
787 2220 873 2257 142),
900 2218 939 2248 of

166 2258 323 2300 grinding
338 2260 487 2291 between
511 2261 567 2292 the
590 2261 679 2292 teeth
702 2260 779 2301 (Ov.
805 2262 853 2292 M.
877 2262 932 2291 xiv

172 2300 231 2344 196
241 2302 313 2333 elisi
327 2303 385 2333 sub
396 2304 571 2342 dentibus),
585 2304 623 2335 of
636 2305 881 2345 beingcrushed
899 2305 932 2335 in

168 2355 187 2375 a
212 2346 323 2377 crowd
351 2346 429 2384 (Ov.
458 2347 545 2388 Epp.
574 2358 614 2379 ex
642 2348 738 2378 Pont.
766 2348 799 2378 iv
827 2359 858 2391 9,
892 2358 926 2379 21

170 2389 268 2419 turba
283 2391 440 2430 quamuis
454 2390 616 2431 eliderer).

210 2434 403 2471 sitientem,
430 2433 520 2465 often
548 2435 628 2465 used
658 2434 931 2476 metaphorically

168 2475 202 2506 in
225 2475 297 2508 Cic.
321 2487 381 2517 pro
404 2477 516 2509 Planc.
539 2487 568 2518 5,
600 2488 637 2519 13
665 2478 850 2509 ‘sitientem
879 2488 930 2509 me

168 2519 300 2550 uirtutis
321 2525 397 2551 tuae
417 2521 609 2552 deseruisti·
633 2521 676 2561 Q.
698 2522 752 2552 Fr.
774 2521 807 2552 iii
829 2531 859 2561 5,
890 2530 930 2562 3;

170 2562 256 2593 Phil.
275 2574 294 2593 v
311 2571 340 2602 7,
360 2573 409 2594 20.

209 2608 371 2637 futtiles:
403 2607 544 2639 ‘futtiles
574 2608 728 2640 dicuntur
753 2608 811 2650 qui
838 2608 933 2639 silere

167 2650 308 2680 tacenda
323 2656 491 2692 nequeunt
502 2651 560 2682 sed
577 2662 616 2683 ea
631 2651 823 2689 effundunt3
839 2652 886 2683 sic
902 2658 933 2682 et

167 2703 246 2723 uasa
276 2693 384 2724 futilia
415 2705 434 2725 a
465 2694 635 2727 fundendo
670 2695 808 2727 uocata'
842 2695 932 2726 Fest.

209 2781 462 2816 liquefaciunt:
487 2781 528 2812 cf.
546 2782 569 2813 ii
587 2792 637 2819 22,
659 2791 697 2821 52
716 2793 724 2819 ;
748 2781 781 2813 iv
802 2790 851 2821 17,
869 2791 922 2822 37.

211 2824 227 2860 ἓ
244 2826 292 2853 17.
327 2825 454 2859 Quodsi
469 2827 525 2855 est
540 2827 602 2861 qui
617 2836 624 2855 :
652 2828 659 2841 ‘
674 2826 739 2856 But
755 2825 783 2856 if
796 2825 888 2856 there
907 2825 933 2856 is

166 2866 247 2896 such
271 2876 290 2896 a
313 2867 615 2899 character...what
636 2869 663 2899 is
687 2869 778 2900 there
805 2874 840 2899 to
862 2879 932 2909 pre-

169 2915 246 2940 vent
270 2909 321 2940 his
348 2911 567 2952 happiness?’
598 2912 671 2943 The
702 2912 787 2943 form
814 2912 852 2943 of
879 2912 934 2943 the

844 1403 1032 1434 atdeRG
1080 1403 1174 1433 K12
1223 1402 1350 1441 L5ed.
1370 1401 1417 1432 H.

534 1450 544 1482 ΙΙ
591 1446 969 1478 exiliaRVGBKS
990 1447 1030 1477 E.

758 1501 810 1522 21.
842 1490 1055 1532 adpetentem
1075 1490 1103 1520 R
1121 1489 1151 1519 V
1169 1489 1199 1520 G
1219 1489 1250 1519 K
1269 1489 1309 1519 E.

892 1544 943 1573 24.
975 1533 1194 1564 miserrimum
1213 1533 1242 1563 R
1260 1532 1290 1562 V
1307 1531 1350 1563 G.

731 1578 878 1609 eleuatus
896 1578 926 1607 R
944 1577 987 1608 K.

805 1623 923 1660 timere
940 1629 970 1659 V
987 1628 997 1660 i
1014 1629 1050 1659 in
1067 1639 1084 1659 e
1102 1632 1186 1658 mut.

893 1705 944 1737 26.
977 1705 1022 1737 sic
1040 1710 1155 1736 contra
1173 1705 1203 1736 R
1220 1703 1251 1736 G
1268 1703 1304 1735 S.

1210 1456 1261 1476 20.
1295 1445 1494 1476 miserrimus
1513 1445 1542 1475 R
1560 1444 1589 1474 V
1606 1444 1635 1475 G
1656 1444 1681 1474 B
1700 1444 1744 1474 K.
1759 1447 1771 1480 ΙΙ

1441 1531 1676 1568 misSerrimum
1695 1530 1740 1561 K.
1758 1533 1770 1567 ΙΙ

1173 1584 1225 1616 25.
1254 1576 1405 1606 exultans
1423 1576 1453 1606 R
1470 1575 1500 1605 V
1517 1574 1548 1606 G
1563 1575 1588 1605 B
1608 1575 1641 1605 K
1658 1574 1680 1606 S
1700 1574 1740 1605 E.
1759 1577 1771 1610 Ιῐ

1351 1619 1470 1658 tfmere
1490 1627 1520 1657 R
1537 1637 1548 1657 1
1569 1627 1579 1656 i
1597 1626 1634 1656 in
1651 1636 1669 1657 e
1686 1630 1771 1656 mut.

1457 1677 1473 1694 C

1418 1704 1561 1734 sicontra
1576 1703 1607 1733 V
1622 1703 1687 1734 eod.
1704 1707 1770 1733 atr.

1115 1749 1166 1779 28.
1197 1747 1323 1778 futtiles
1342 1748 1373 1777 R
1389 1747 1419 1777 V
1436 1746 1467 1778 G
1485 1747 1529 1777 K.
1660 1745 1772 1777 futiles

1486 1800 1538 1832 29.
1570 1789 1773 1830 intellegitur

1245 1888 1332 1919 quae
1347 1877 1465 1919 cuique
1482 1877 1513 1908 R
1529 1877 1560 1906 V
1578 1877 1602 1907 P
1619 1876 1651 1908 G
1669 1877 1695 1907 B
1713 1886 1771 1916 ¹-3

1063 1956 1121 1998 5163
1138 1956 1179 1986 W
1195 1965 1223 1986 2.
1296 1965 1347 1995 33.
1378 1928 1559 1985 tolerabilia
1573 1953 1604 1983 V
1619 1953 1684 1984 eod.
1704 1958 1772 1984 atr.

1005 2087 1197 2119 conclusion
1225 2086 1306 2117 does
1336 2090 1395 2115 not
1425 2084 1533 2115 throw
1571 2095 1636 2125 any
1665 2084 1772 2115 doubt

1004 2141 1094 2171 upon
1111 2131 1167 2161 the
1188 2130 1354 2161 existence
1375 2128 1413 2159 of
1428 2127 1509 2159 such
1528 2128 1713 2159 characters
1734 2138 1770 2159 as

1004 2185 1058 2205 are
1073 2173 1247 2205 described
1261 2184 1270 2210 ;
1295 2173 1353 2203 but
1370 2182 1405 2203 as
1429 2171 1486 2202 the
1504 2171 1688 2202 discussion
1711 2171 1771 2203 has

1004 2217 1121 2248 turned
1137 2222 1195 2248 not
1212 2227 1302 2257 upon
1318 2216 1403 2247 their
1415 2215 1592 2250 existence,
1604 2214 1664 2246 but
1680 2225 1771 2256 upon

1004 2261 1089 2292 their
1111 2260 1290 2301 happiness
1312 2259 1345 2290 in
1367 2258 1570 2296 misfortune,
1590 2258 1647 2289 the
1666 2258 1770 2300 hypo-

1000 2304 1135 2335 thetical
1151 2304 1235 2335 form
1252 2303 1290 2334 of
1308 2303 1365 2334 the
1384 2301 1577 2333 conclusion
1601 2301 1627 2333 is
1650 2311 1770 2343 appro-

1026 2353 1117 2379 riate.

1002 2358 1022 2388 p
1044 2391 1148 2431 Many
1163 2390 1238 2422 edd.
1254 2389 1368 2420 follow
1386 2389 1422 2419 F.
1430 2388 1530 2420 A.W.
1547 2387 1581 2419 in
1596 2392 1771 2430 punctuat-

1000 2434 1057 2476 ing
1076 2436 1084 2450 ‘
1096 2434 1186 2476 quod
1203 2434 1230 2464 si
1247 2439 1308 2470 est,
1327 2431 1443 2474 qui...'
1463 2431 1507 2462 ‘if
1519 2428 1584 2463 this
1600 2432 1628 2462 is
1644 2441 1692 2469 so,
1712 2431 1768 2462 the

1000 2488 1121 2519 person
1145 2477 1233 2513 who,
1267 2476 1363 2507 etc.’:
1397 2476 1456 2506 but
1485 2475 1550 2506 this
1581 2475 1696 2506 makes
1727 2485 1769 2505 an

1001 2522 1180 2561 extremely
1191 2520 1290 2551 harsh
1302 2519 1524 2550 anacoluthon
1543 2517 1616 2559 (qui
1629 2518 1765 2549 ducat...

1001 2565 1148 2606 idemque
1155 2564 1188 2594 sz'
1202 2563 1293 2594 nihil
1301 2560 1529 2603 concupiscat),
1542 2561 1608 2592 and
1623 2571 1659 2592 as
1677 2561 1768 2592 Kuh.

1002 2608 1114 2649 points
1143 2613 1211 2645 out,
1246 2607 1316 2638 Cic.
1350 2616 1450 2637 never
1479 2605 1658 2636 elsewhere
1694 2614 1770 2636 uses

1002 2652 1092 2693 quod
1107 2652 1139 2681 sz'
1157 2656 1204 2682 est
1221 2650 1255 2681 in
1277 2650 1342 2680 this
1365 2659 1459 2680 sense
1480 2649 1541 2680 but
1563 2648 1653 2689 quod
1669 2648 1702 2679 si
1721 2648 1768 2679 ita

1001 2700 1057 2730 est,
1074 2705 1111 2725 or
1127 2694 1165 2724 id
1176 2694 1207 2725 si
1219 2698 1274 2729 est,
1291 2704 1329 2724 or
1343 2693 1380 2723 id
1391 2693 1424 2723 sz'
1437 2693 1486 2723 ita
1501 2696 1555 2728 est,
1572 2702 1609 2722 or
1625 2691 1714 2732 quod
1732 2695 1772 2721 ut

1004 2739 1052 2769 ita
1067 2738 1109 2768 sit
1124 2748 1160 2768 or
1175 2737 1264 2778 quod
1275 2747 1349 2767 cum
1365 2736 1414 2766 ita
1429 2736 1482 2766 sit.

1044 2788 1285 2818 quaecumque
1329 2781 1486 2810 accidere
1528 2779 1687 2815 possunt,
1728 2786 1770 2807 an

1003 2824 1170 2866 emphatic
1201 2822 1440 2864 amplification
1471 2821 1508 2852 of
1541 2821 1653 2852 omnia
1667 2831 1676 2858 3
1714 2819 1769 2850 the

1002 2868 1139 2908 reading
1159 2878 1242 2908 quae
1259 2867 1375 2907 cuique
1393 2864 1540 2906 adopted
1561 2865 1605 2904 by
1622 2863 1678 2894 Kl.
1702 2862 1770 2894 and

1004 2911 1199 2943 C.F.W.M.
1215 2909 1406 2941 introduces
1426 2919 1446 2940 a
1466 2906 1675 2939 distributive
1694 2905 1772 2937 idea

1459 1492 1671 1529 appetentem
1689 1487 1716 1518 B
1734 1487 1770 1519 S.
1788 1489 1806 1496 ''

1515 1406 1549 1432 at
1564 1400 1606 1432 de
1624 1401 1648 1431 P
1665 1383 1772 1441 marg.
1798 1417 1801 1423 ι
1843 1426 1846 1427 7
