1913 3132
133 117 258 157 -15.
279 116 355 170 45]
676 118 872 158 LIBER
908 118 1206 169 QVINTVS
1658 131 1741 172 239

134 229 250 271 adde
286 232 435 280 etiam,
472 231 507 271 si
545 231 664 280 libet,
701 232 1008 284 pernicitatem
1042 238 1087 272 et
1124 232 1419 281 uelocitatem,
1453 233 1511 273 da
1553 232 1744 283 diuitias,

73 316 117 339 20
135 297 335 348 honores,
372 299 568 352 imperia,
606 313 726 352 opes,
762 299 970 353 gloriam:
1013 300 1048 340 si
1091 300 1221 340 fuerit
1263 301 1298 340 is
1340 301 1414 353 qui
1457 300 1565 341 haec
1607 302 1742 342 habet

136 367 335 417 iniustus,
358 368 671 422 intemperans,
692 367 887 417 timidus,
908 368 1057 409 hebeti
1084 369 1262 422 ingenio
1294 375 1428 422 atque
1461 370 1593 418 nullo,
1616 370 1742 411 dubi-

135 434 308 476 tabisne
337 450 437 477 eum
468 438 677 478 miserum
703 436 874 478 dicere?
915 437 1064 490 qualia
1087 438 1222 491 igitur
1244 438 1329 477 ista
1351 436 1468 478 bona
1490 445 1604 486 sunt,
1627 452 1742 492 quae

135 505 211 557 qui
236 504 401 545 habeat
431 506 700 546 miserrimus
721 519 818 546 esse
844 506 1014 559 possit?
1057 505 1287 546 uideamus
1317 519 1383 554 ne,
1408 512 1455 546 ut
1477 520 1660 547 aceruus
1682 520 1740 547 ex

135 573 201 612 sui
223 574 397 626 generis
418 575 580 626 granis,
602 575 664 614 sic
694 574 825 615 beata
857 575 949 615 uita
974 589 1033 616 ex
1063 577 1129 615 sui
1158 574 1377 614 similibus
1408 575 1606 627 partibus
1628 575 1741 615 effici

76 653 116 687 25
135 641 310 682 debeat.
352 641 472 695 quod
505 643 539 682 si
572 643 634 683 ita
663 649 741 692 est,
768 657 825 683 ex
856 643 983 684 bonis
1012 657 1133 696 quae.
1155 644 1250 684 sola
1278 643 1466 684 honesta
1494 644 1582 683 sint
1611 643 1742 684 effici-

135 709 300 750 endum
323 717 389 751 est
412 710 613 761 beatum;
646 725 698 752 ea
721 712 865 752 mixta
886 726 945 752 ex
975 713 1262 753 dissimilibus
1284 713 1319 752 si
1342 719 1482 761 erunt,
1505 713 1741 753 honestum

136 794 194 821 ex
228 780 280 820 iis
312 779 425 820 effici
468 780 575 820 nihil
618 782 798 834 poterit;
840 796 928 835 quo
964 782 1165 823 detracto
1206 782 1312 835 quid
1356 783 1517 835 poterit
1560 782 1740 823 beatum

137 848 360 902 intellegi?
411 850 589 899 etenim,
611 850 821 903 quicquid
843 858 910 891 est
933 851 1053 904 quod
1077 851 1242 891 bonurn
1274 851 1342 899 sit,
1365 851 1408 892 id
1437 853 1740 904 expetendum

136 924 228 967 est;
270 917 390 971 quod
434 925 583 959 autem
621 921 939 972 expetendum,
978 921 1021 961 id
1065 928 1182 961 certe
1218 920 1579 974 adprobandum
1622 921 1741 974 quod

77 1003 119 1036 30
138 1000 242 1028 uero
264 986 534 1040 adprobatis,
557 987 600 1027 id
623 995 798 1041 gratum
822 995 1143 1042 acceptumque
1172 988 1448 1039 habendum;
1479 1003 1584 1043 ergo
1607 990 1740 1029 etiam

136 1056 331 1111 dignitas
361 1057 400 1097 ei
432 1057 668 1098 tribuenda
694 1064 775 1099 est.
818 1058 937 1111 quod
967 1060 1002 1099 si
1033 1060 1092 1099 ita
1122 1066 1201 1109 est,
1228 1059 1450 1100 laudabile
1479 1060 1535 1100 sit
1565 1073 1744 1100 necesse

136 1133 224 1176 est;
257 1125 424 1166 bonum
453 1126 586 1179 igitur
612 1141 745 1168 omne
772 1128 1009 1168 laudabile.
1052 1142 1109 1168 ex
1138 1141 1228 1181 quo
1256 1127 1443 1168 efficitur
1464 1135 1523 1177 ut,
1546 1128 1666 1181 quod
1686 1128 1745 1169 'sit

136 1197 387 1244 honestum,
408 1197 452 1237 id
475 1198 532 1238 sit
555 1198 698 1238 solum
723 1198 904 1239 bonurn.

916 1364 934 1380 n

753 1400 805 1421 21.
844 1390 955 1421 hebeti
971 1390 1002 1421 G
1019 1390 1088 1421 ead.
1108 1401 1197 1420 man.
1217 1395 1374 1431 superscr.
1449 1399 1500 1429 23.

207 1399 255 1431 19.
294 1389 322 1421 si
338 1389 430 1421 lubet
449 1390 479 1421 R
495 1390 526 1420 V
542 1389 573 1421 G
592 1390 618 1421 B
636 1390 680 1421 K.

1543 1389 1744 1420 miserrimus

140 1433 170 1464 R
186 1433 217 1463 V
233 1432 265 1464 G
282 1433 309 1463 B
327 1433 371 1464 K.
517 1443 567 1472 24.
617 1433 701 1465 effici
715 1438 746 1464 et
761 1433 970 1465 efficiendum
990 1434 1019 1464 R
1036 1434 1065 1464 V
1083 1433 1114 1464 G
1133 1434 1159 1464 B
1178 1433 1221 1464 K.
1371 1442 1422 1473 25.
1468 1432 1677 1464 efficiendum
1694 1438 1744 1464 est

138 1477 272 1507 beatum
289 1477 320 1508 R
335 1487 346 1508 1
365 1486 381 1517 7
427 1476 459 1507 V
475 1476 506 1508 G
553 1477 579 1507 B
597 1487 608 1507 1
625 1487 641 1508 2
690 1477 723 1508 K
741 1487 751 1507 1
802 1477 844 1507 W
858 1487 874 1507 ἰ
924 1478 955 1507 D
1002 1477 1032 1508 O
1051 1488 1062 1508 1
1078 1487 1095 1517 3
1111 1487 1140 1516 7.
1295 1476 1504 1508 efficiendum
1520 1487 1591 1508 esse
1609 1477 1741 1508 beatum

137 1520 182 1551 W
196 1530 207 1550 1
257 1519 288 1552 O
303 1530 331 1551 2.
511 1519 670 1570 efficienQ
690 1526 737 1551 est
755 1521 854 1551 beati]
872 1520 905 1551 K
918 1531 945 1551 2.
1115 1520 1307 1552 efficiendus
1323 1526 1372 1551 est
1388 1520 1505 1551 beatus
1523 1520 1554 1550 R
1570 1529 1606 1560 17
1654 1520 1691 1550 M
1709 1530 1735 1551 1.

227 1570 244 1588 a

140 1595 192 1628 26.
223 1596 346 1628 emixta
363 1596 394 1629 G
411 1597 478 1628 ead.
501 1607 591 1627 man.
608 1603 768 1638 superscr.
935 1606 984 1637 27.
1031 1608 1070 1628 ex
1088 1597 1126 1628 iis
1145 1597 1180 1627 M
1195 1608 1224 1628 2.
1382 1607 1422 1628 ex
1439 1596 1501 1627 hiis
1518 1597 1547 1627 R
1563 1595 1599 1627 16
1647 1597 1678 1627 D
1697 1597 1738 1627 H.

139 1640 411 1672 exhisR1210
456 1640 578 1672 VPG
626 1641 681 1671 B1
732 1641 791 1671 K1
842 1641 932 1671 Erz
980 1641 1080 1671 Wrz
1130 1641 1193 1671 Mi
1243 1640 1305 1682 CJ
1352 1640 1504 1681 01-37.
1587 1643 1598 1675 ΙΙ
1676 1650 1744 1681 quo

139 1684 289 1715 detracto
314 1684 346 1714 R
363 1684 388 1714 P
405 1684 437 1715 G
482 1684 508 1715 B
526 1694 536 1715 1
587 1684 620 1714 K
635 1694 647 1714 1
698 1684 720 1716 S
769 1684 805 1714 M
822 1695 833 1714 1
850 1694 865 1715 2
913 1684 939 1715 C
956 1684 975 1725 J
1024 1683 1054 1715 O
1074 1693 1132 1723 1-3
1149 1692 1176 1723 7,
1411 1684 1501 1724 quod
1525 1684 1675 1714 detracto
1701 1684 1742 1713 V.

139 1727 189 1768 qd
201 1727 350 1758 detracto
368 1727 397 1758 E
414 1738 441 1758 1.
612 1737 664 1769 29.
711 1727 963 1769 adprobandum
982 1728 1013 1758 R
1029 1727 1059 1757 V
1076 1727 1108 1758 G
1126 1728 1159 1757 K
1176 1727 1217 1757 E.
1390 1726 1645 1768 approbandum
1663 1727 1690 1757 B
1707 1726 1742 1759 S.

141 1780 192 1810 30.
240 1770 434 1811 adprobatis
451 1770 483 1801 R
498 1770 529 1801 V
545 1770 577 1802 G
595 1771 638 1801 K.
775 1771 968 1812 approbaris
986 1771 1012 1802 B
1029 1770 1052 1803 S
1073 1771 1110 1801 E.
1249 1781 1301 1812 31·
1348 1770 1522 1801 tribuenda
1538 1770 1570 1801 G
1586 1770 1629 1801 da
1644 1780 1685 1801 ex
1698 1770 1743 1801 du

139 1814 200 1844 alt.
216 1824 321 1844 manu
337 1819 419 1845 mut.

140 1965 342 1997 ualetudine.
351 1990 356 1996 .
365 1965 403 1997 ,εἰ
417 1965 514 1996 fuerit
530 1965 680 1997 iniustus.
689 1991 694 1996 .
703 1966 812 1997 .miser
827 1964 883 1997 sit'
895 1974 902 2002 ;

141 2009 197 2040 the
220 2009 347 2049 change
368 2008 407 2040 of
422 2008 646 2040 construction
670 2009 696 2040 is
711 2009 777 2040 due
799 2014 833 2040 to
849 2009 904 2040 the

141 2052 256 2093 length
286 2052 351 2083 and
382 2052 495 2083 varied
524 2052 748 2083 construction
778 2052 817 2083 of
849 2052 905 2083 the

141 2095 251 2127 clause
267 2095 494 2135 immediately
508 2094 680 2137 following
691 2100 874 2136 praestans.

185 2139 432 2176 pernicitatem
452 2141 489 2169 et.
507 2140 756 2170 uelocitatem:
781 2139 831 2170 for
851 2139 907 2170 the

142 2181 335 2213 distinction
356 2182 507 2213 between
530 2181 622 2213 these
643 2182 751 2213 words
767 2182 809 2213 cf.
827 2182 837 2213 i
859 2192 906 2224 19,

143 2235 183 2265 43
198 2235 230 2256 n.
249 2235 292 2256 on
308 2225 460 2256 uelocius.

185 2271 305 2306 atque,
339 2270 347 2284 ‘
362 2268 432 2299 dull
469 2268 535 2299 and
573 2279 657 2300 even
694 2269 842 2309 wanting
875 2269 907 2300 in

143 2311 306 2343 intellect’
321 2323 330 2349 ;
353 2311 405 2342 for
420 2311 476 2342 the
494 2311 657 2343 intensive
676 2322 733 2343 use
750 2312 787 2343 of
801 2317 909 2353 atque,

143 2355 235 2386 often
256 2354 491 2395 strengthened
512 2355 555 2396 by
570 2356 647 2386 adeo
669 2366 706 2387 or
723 2356 847 2396 potius,
866 2355 906 2386 cf.

144 2399 260 2434 Hand,
283 2399 380 2429 Turs.
398 2406 410 2429 1
427 2398 500 2438 406.

186 2443 372 2472 uideamus
380 2449 425 2473 ne
440 2455 447 2474 :
472 2442 522 2473 for
534 2442 598 2474 this
616 2442 773 2473 ‘formula
786 2443 913 2473 urbana

144 2484 303 2516 monendi
319 2492 351 2516 et
367 2485 566 2522 dubitandi,'
582 2485 624 2516 cf.
637 2485 693 2517 the
707 2485 762 2517 Gk
779 2486 836 2524 ὅρα.
851 2487 908 2524 μή,

144 2528 211 2559 and
228 2529 283 2559 the
299 2538 356 2559 use
373 2528 411 2559 of
421 2530 498 2559 uide
513 2539 552 2560 ne
564 2528 598 2559 in
613 2527 709 2569 (eg.)
728 2529 737 2559 i
756 2539 808 2569 34,
828 2529 878 2570 83.

187 2574 353 2602 beatum:
383 2571 600 2613 ‘happiness,'
625 2573 662 2603 τὸ
691 2573 857 2611 μακάριον,
892 2582 911 2602 a

145 2615 301 2656 meaning
323 2615 372 2645 for
387 2615 496 2646 which
515 2615 586 2647 Cic.
604 2615 772 2656 generally
788 2616 910 2657 prefers

146 2658 202 2689 the
224 2659 342 2699 phrase
363 2659 437 2689 uita
460 2659 574 2697 beata;
599 2659 638 2690 cf.
663 2659 735 2690 Fin.
757 2670 777 2689 v
800 2660 851 2695 28,
868 2659 910 2698 84

148 2705 156 2719 ‘
165 2701 319 2732 uirtutem
336 2702 370 2732 in
384 2712 451 2743 qua
465 2702 508 2733 sit
520 2702 627 2741 ipsum
639 2702 739 2733 etiam
752 2701 910 2733 beatum.'

147 2745 289 2775 F.A.W.
315 2745 440 2786 quoted
462 2745 506 2786 by
529 2746 601 2776 Mo.
625 2751 720 2776 notes
742 2745 813 2776 that
836 2745 907 2777 Cic.

147 2789 230 2819 later
250 2788 284 2819 in
300 2788 333 2819 N
337 2788 393 2819 .D.
415 2788 426 2819 i
449 2799 500 2829 34,
524 2798 564 2830 95
583 2789 759 2830 suggested
780 2789 911 2820 beatitas

147 2832 213 2863 and
234 2832 404 2870 beatitudo,
425 2834 433 2848 ‘
444 2837 501 2863 aut
521 2833 585 2863 ista
601 2833 671 2863 siue
686 2831 825 2863 beatitas
840 2832 911 2864 siue

147 2875 318 2907 beatitudo
335 2875 475 2906 dicenda
490 2880 758 2917 est—utrumque
773 2876 910 2906 omnino

146 2918 276 2957 durum,
306 2918 364 2950 sed
394 2929 454 2950 usu
484 2918 665 2950 mollienda
689 2919 785 2950 nobis
808 2919 911 2951 uerba

973 1963 1074 2002 sunt,’
1104 1964 1214 1996 which
1245 1964 1362 2004 Quint.
1396 1963 1453 1994 viii
1486 1974 1516 2004 3,
1546 1973 1584 2004 32
1614 1963 1745 2004 implies

974 2019 1059 2039 were
1091 2015 1148 2039 not
1182 2007 1383 2048 universally
1411 2007 1562 2038 received
1600 2017 1683 2038 even
1711 2007 1744 2038 in

975 2052 1024 2083 his
1041 2051 1131 2083 time.

1019 2103 1062 2126 ea
1077 2096 1191 2125 mixta
1208 2102 1251 2125 ex
1269 2095 1501 2125 dissimilibus
1517 2095 1548 2124 si
1562 2096 1679 2129 erunt,
1699 2096 1706 2109 ‘
1716 2093 1745 2124 if

976 2138 1053 2179 they
1070 2138 1139 2176 (i.e.
1157 2138 1212 2169 the
1228 2138 1310 2168 bema
1327 2137 1433 2168 which
1452 2147 1507 2168 are
1529 2137 1631 2168 relied
1653 2147 1743 2178 upon

977 2187 1011 2212 to
1033 2182 1177 2222 produce
1200 2180 1390 2222 happiness)
1407 2191 1463 2212 are
1483 2180 1582 2211 made
1602 2191 1648 2221 up
1671 2180 1709 2211 of
1724 2190 1744 2211 a

977 2225 1118 2256 mixture
1140 2224 1178 2255 of
1193 2224 1371 2256 dissimilar
1393 2223 1588 2261 elements';
1616 2224 1667 2254 for
1689 2223 1744 2254 the

980 2269 1098 2309 phrase
1119 2268 1160 2299 cf.
1179 2268 1244 2299 Off.
1265 2267 1299 2298 iii
1322 2277 1373 2307 33,
1398 2277 1456 2308 119
1483 2271 1559 2299 ‘nec
1575 2277 1653 2297 uero
1670 2265 1745 2298 finis

981 2313 1154 2347 bonorum,
1171 2311 1228 2353 qui
1249 2311 1389 2352 simplex
1410 2321 1480 2342 esse
1495 2311 1606 2348 debet,
1625 2320 1664 2340 ex
1681 2310 1747 2341 dis-

980 2355 1156 2386 simillimis
1194 2355 1290 2386 rebus
1328 2355 1456 2386 misceri
1499 2359 1531 2385 et
1570 2354 1747 2394 temperari

981 2397 1113 2440 potest.’
1153 2398 1194 2428 In
1225 2397 1281 2429 the
1308 2402 1377 2428 text
1404 2397 1476 2429 Cic.
1503 2407 1576 2428 uses
1602 2397 1686 2427 bona
1711 2397 1745 2427 in

981 2442 1090 2472 rather
1111 2452 1131 2472 a
1151 2441 1416 2472 non-committal
1437 2451 1510 2481 way
1529 2446 1562 2471 to
1583 2450 1682 2471 cover
1702 2440 1749 2470 all

982 2485 1109 2526 objects
1139 2485 1248 2516 which
1278 2495 1333 2515 are
1363 2484 1529 2515 reckoned
1556 2483 1684 2523 usually
1711 2488 1747 2514 to

979 2529 1115 2560 deserve
1141 2528 1213 2559 that
1241 2528 1324 2565 title,
1354 2527 1502 2558 whether
1527 2527 1560 2558 in
1591 2526 1643 2557 his
1670 2537 1747 2557 own

977 2572 1152 2613 judgment
1168 2572 1246 2612 they
1262 2571 1363 2612 really
1379 2571 1422 2601 do
1437 2581 1474 2602 so
1497 2581 1533 2601 or
1556 2575 1624 2601 not.
1665 2570 1697 2600 It
1719 2570 1746 2601 is

979 2626 1151 2656 necessary
1161 2615 1323 2646 therefore
1334 2615 1368 2645 in
1379 2614 1434 2645 the
1447 2613 1624 2655 preceding
1636 2612 1746 2644 clause

979 2664 1013 2690 to
1038 2659 1116 2689 read
1141 2661 1241 2700 ‘quae
1264 2659 1335 2688 sola
1362 2658 1502 2688 honesta
1528 2656 1618 2694 sint‚'
1645 2657 1653 2671 ‘
1668 2657 1746 2697 only

979 2702 1059 2733 such
1069 2702 1152 2733 bona
1163 2712 1198 2732 as
1208 2712 1262 2732 are
1273 2701 1487 2738 honourable,
1495 2699 1502 2712 ⁵
1515 2700 1570 2731 the
1581 2700 1745 2730 intention

979 2745 1017 2777 of
1038 2745 1094 2776 the
1119 2746 1229 2776 clause
1253 2744 1354 2785 being
1380 2749 1414 2775 to
1443 2743 1551 2775 define
1578 2753 1598 2773 a
1621 2743 1745 2774 certain

978 2789 1062 2821 class
1078 2788 1116 2819 of
1126 2789 1218 2819 bona.

1022 2833 1170 2863 etenim:
1204 2830 1415 2871 introducing
1445 2841 1465 2861 a
1496 2829 1621 2861 further
1649 2839 1745 2870 argu-

978 2880 1069 2907 ment
1086 2886 1121 2906 as
1137 2875 1171 2906 in
1186 2874 1221 2906 iii
1237 2884 1267 2916 9,
1290 2883 1346 2911 20;
1378 2874 1410 2904 iv
1431 2883 1479 2914 17,
1498 2883 1558 2913 4o;
1590 2873 1664 2904 Fin.
1686 2872 1696 2904 i
1713 2882 1745 2914 9,

980 2928 1032 2959 30,
1048 2923 1112 2950 etc.
