<?xml version="1.0" encoding="UTF-8"?>
<!DOCTYPE html PUBLIC "-//W3C//DTD XHTML 1.0 Transitional//EN"
    "http://www.w3.org/TR/xhtml1/DTD/xhtml1-transitional.dtd">
<html xmlns="http://www.w3.org/1999/xhtml" xml:lang="en" lang="en">
 <head>
  <title>
</title>
<meta http-equiv="Content-Type" content="text/html;charset=utf-8" />
  <meta name='ocr-system' content='tesseract 3.04.00' />
  <meta name='ocr-capabilities' content='ocr_page ocr_carea ocr_par ocr_line ocrx_word'/>
</head>
<body>
  <div class='ocr_page' id='page_1' title='image "./tusculanarumdis02ciceuoft_0134.png"; bbox 0 0 1913 3132; ppageno 0'>
   <div class='ocr_carea' id='block_1_1' title="bbox 91 283 134 306">
    <p class='ocr_par' dir='ltr' id='par_1_1' title="bbox 91 283 134 306">
     <span class='ocr_line' id='line_1_1' title="bbox 91 283 134 306; baseline -0.023 0"><span class='ocrx_word' id='word_1_1' title='bbox 91 283 134 306; x_wconf 90' lang='lat'><strong>20</strong></span> 
     </span>
    </p>
   </div>
   <div class='ocr_carea' id='block_1_2' title="bbox 96 624 135 659">
    <p class='ocr_par' dir='ltr' id='par_1_2' title="bbox 96 624 135 659">
     <span class='ocr_line' id='line_1_2' title="bbox 96 624 135 659; baseline 0 0"><span class='ocrx_word' id='word_1_2' title='bbox 96 624 135 659; x_wconf 84' lang='lat'><strong>25</strong></span> 
     </span>
    </p>
   </div>
   <div class='ocr_carea' id='block_1_3' title="bbox 100 977 141 1010">
    <p class='ocr_par' dir='ltr' id='par_1_3' title="bbox 100 977 141 1010">
     <span class='ocr_line' id='line_1_3' title="bbox 100 977 141 1010; baseline 0 -10"><span class='ocrx_word' id='word_1_3' title='bbox 100 977 141 1010; x_wconf 83' lang='lat'><strong>30</strong></span> 
     </span>
    </p>
   </div>
   <div class='ocr_carea' id='block_1_4' title="bbox 147 87 1744 144">
    <p class='ocr_par' dir='ltr' id='par_1_4' title="bbox 147 87 1744 144">
     <span class='ocr_line' id='line_1_4' title="bbox 147 87 1744 144; baseline 0.004 -18"><span class='ocrx_word' id='word_1_4' title='bbox 147 94 201 137; x_wconf 90' lang='lat'><strong>72</strong></span> <span class='ocrx_word' id='word_1_5' title='bbox 365 87 924 130; x_wconf 77' lang='lat' dir='ltr'><em>TVSCVLANARVM</em></span> <span class='ocrx_word' id='word_1_6' title='bbox 948 87 1523 131; x_wconf 79' lang='lat' dir='ltr'><em>DISPVTATJONVM</em></span> <span class='ocrx_word' id='word_1_7' title='bbox 1581 90 1668 144; x_wconf 81' lang='lat'><strong>[24.</strong></span> <span class='ocrx_word' id='word_1_8' title='bbox 1694 92 1744 143; x_wconf 89' lang='lat'><strong>58</strong></span> 
     </span>
    </p>
   </div>
   <div class='ocr_carea' id='block_1_5' title="bbox 151 201 1756 1013">
    <p class='ocr_par' dir='ltr' id='par_1_5' title="bbox 151 201 1756 1013">
     <span class='ocr_line' id='line_1_5' title="bbox 151 201 1746 256; baseline 0.003 -17"><span class='ocrx_word' id='word_1_9' title='bbox 151 212 430 254; x_wconf 82' lang='lat' dir='ltr'>nequaquam</span> <span class='ocrx_word' id='word_1_10' title='bbox 474 216 553 256; x_wconf 92' lang='lat' dir='ltr'><strong>pro</strong></span> <span class='ocrx_word' id='word_1_11' title='bbox 589 201 796 255; x_wconf 90' lang='lat' dir='ltr'><strong>opinione</strong></span> <span class='ocrx_word' id='word_1_12' title='bbox 837 201 956 254; x_wconf 87' lang='lat' dir='ltr'><strong>uolgi</strong></span> <span class='ocrx_word' id='word_1_13' title='bbox 996 215 1092 243; x_wconf 89' lang='lat' dir='ltr'><strong>esse</strong></span> <span class='ocrx_word' id='word_1_14' title='bbox 1131 203 1501 244; x_wconf 83' lang='lat' dir='ltr'><strong>extimescendas.</strong></span> <span class='ocrx_word' id='word_1_15' title='bbox 1551 211 1596 245; x_wconf 92' lang='lat' dir='ltr'><strong>et</strong></span> <span class='ocrx_word' id='word_1_16' title='bbox 1637 203 1746 244; x_wconf 92' lang='lat' dir='ltr'><strong>mihi</strong></span> 
     </span>
     <span class='ocr_line' id='line_1_6' title="bbox 151 268 1748 326; baseline 0.003 -18"><span class='ocrx_word' id='word_1_17' title='bbox 151 268 330 321; x_wconf 91' lang='lat' dir='ltr'><strong>quidem</strong></span> <span class='ocrx_word' id='word_1_18' title='bbox 354 271 528 312; x_wconf 91' lang='lat' dir='ltr'><strong>uidetur</strong></span> <span class='ocrx_word' id='word_1_19' title='bbox 549 270 665 312; x_wconf 91' lang='lat' dir='ltr'><strong>idem</strong></span> <span class='ocrx_word' id='word_1_20' title='bbox 690 270 777 311; x_wconf 88' lang='lat' dir='ltr'><strong>sere</strong></span> <span class='ocrx_word' id='word_1_21' title='bbox 799 271 996 312; x_wconf 89' lang='lat' dir='ltr'><strong>accidere</strong></span> <span class='ocrx_word' id='word_1_22' title='bbox 1018 271 1081 319; x_wconf 92' lang='lat' dir='ltr'><strong>iis,</strong></span> <span class='ocrx_word' id='word_1_23' title='bbox 1102 271 1176 324; x_wconf 87' lang='lat' dir='ltr'><strong>qui</strong></span> <span class='ocrx_word' id='word_1_24' title='bbox 1199 278 1303 312; x_wconf 88' lang='lat' dir='ltr'><strong>ante</strong></span> <span class='ocrx_word' id='word_1_25' title='bbox 1325 271 1606 322; x_wconf 84' lang='lat' dir='ltr'><strong>meditantur,</strong></span> <span class='ocrx_word' id='word_1_26' title='bbox 1628 272 1748 326; x_wconf 91' lang='lat' dir='ltr'><strong>quod</strong></span> 
     </span>
     <span class='ocr_line' id='line_1_7' title="bbox 153 336 1748 394; baseline 0.003 -18"><span class='ocrx_word' id='word_1_27' title='bbox 153 336 216 387; x_wconf 89' lang='lat' dir='ltr'><strong>iis,</strong></span> <span class='ocrx_word' id='word_1_28' title='bbox 242 338 401 391; x_wconf 87' lang='lat' dir='ltr'><strong>quibus</strong></span> <span class='ocrx_word' id='word_1_29' title='bbox 438 339 639 381; x_wconf 90' lang='lat' dir='ltr'><strong>medetur</strong></span> <span class='ocrx_word' id='word_1_30' title='bbox 672 339 777 389; x_wconf 87' lang='lat' dir='ltr'><strong>dies,</strong></span> <span class='ocrx_word' id='word_1_31' title='bbox 811 339 893 380; x_wconf 89' lang='lat' dir='ltr'><strong>nisi</strong></span> <span class='ocrx_word' id='word_1_32' title='bbox 923 339 1042 392; x_wconf 90' lang='lat' dir='ltr'><strong>quod</strong></span> <span class='ocrx_word' id='word_1_33' title='bbox 1076 340 1187 380; x_wconf 90' lang='lat' dir='ltr'><strong>ratio</strong></span> <span class='ocrx_word' id='word_1_34' title='bbox 1221 340 1440 394; x_wconf 84' lang='lat' dir='ltr'><strong>quaedam</strong></span> <span class='ocrx_word' id='word_1_35' title='bbox 1474 348 1602 382; x_wconf 89' lang='lat' dir='ltr'><strong>sanat</strong></span> <span class='ocrx_word' id='word_1_36' title='bbox 1638 341 1748 390; x_wconf 92' lang='lat' dir='ltr'><strong>illos,</strong></span> 
     </span>
     <span class='ocr_line' id='line_1_8' title="bbox 154 406 1749 462; baseline 0.003 -17"><span class='ocrx_word' id='word_1_37' title='bbox 154 406 234 446; x_wconf 90' lang='lat' dir='ltr'><strong>hos</strong></span> <span class='ocrx_word' id='word_1_38' title='bbox 263 407 358 460; x_wconf 87' lang='lat' dir='ltr'><strong>ipsa</strong></span> <span class='ocrx_word' id='word_1_39' title='bbox 390 415 548 450; x_wconf 88' lang='lat' dir='ltr'><strong>natura</strong></span> <span class='ocrx_word' id='word_1_40' title='bbox 579 408 804 450; x_wconf 89' lang='lat' dir='ltr'><strong>intellecto</strong></span> <span class='ocrx_word' id='word_1_41' title='bbox 837 422 901 457; x_wconf 93' lang='lat' dir='ltr'><strong>eo,</strong></span> <span class='ocrx_word' id='word_1_42' title='bbox 931 408 1049 462; x_wconf 90' lang='lat' dir='ltr'><strong>quod</strong></span> <span class='ocrx_word' id='word_1_43' title='bbox 1084 423 1175 450; x_wconf 91' lang='lat' dir='ltr'><strong>rem</strong></span> <span class='ocrx_word' id='word_1_44' title='bbox 1208 411 1417 459; x_wconf 88' lang='lat' dir='ltr'><strong>continet,</strong></span> <span class='ocrx_word' id='word_1_45' title='bbox 1442 409 1548 450; x_wconf 91' lang='lat' dir='ltr'><strong>illud</strong></span> <span class='ocrx_word' id='word_1_46' title='bbox 1582 409 1749 450; x_wconf 87' lang='lat' dir='ltr'><strong>malum</strong></span> 
     </span>
     <span class='ocr_line' id='line_1_9' title="bbox 155 475 1750 531; baseline 0.002 -15"><span class='ocrx_word' id='word_1_47' title='bbox 155 475 274 527; x_wconf 90' lang='lat' dir='ltr'><strong>quod</strong></span> <span class='ocrx_word' id='word_1_48' title='bbox 304 477 535 531; x_wconf 84' lang='lat' dir='ltr'><strong>opinatum</strong></span> <span class='ocrx_word' id='word_1_49' title='bbox 563 478 619 518; x_wconf 89' lang='lat' dir='ltr'><strong>sit</strong></span> <span class='ocrx_word' id='word_1_50' title='bbox 647 491 743 518; x_wconf 89' lang='lat' dir='ltr'><strong>esse</strong></span> <span class='ocrx_word' id='word_1_51' title='bbox 773 477 1021 518; x_wconf 85' lang='lat' dir='ltr'><strong>maximum</strong></span> <span class='ocrx_word' id='word_1_52' title='bbox 1052 491 1333 531; x_wconf 87' lang='lat' dir='ltr'><strong>nequaquam</strong></span> <span class='ocrx_word' id='word_1_53' title='bbox 1367 491 1462 519; x_wconf 88' lang='lat' dir='ltr'><strong>esse</strong></span> <span class='ocrx_word' id='word_1_54' title='bbox 1493 484 1668 519; x_wconf 85' lang='lat' dir='ltr'><strong>tantum</strong></span> <span class='ocrx_word' id='word_1_55' title='bbox 1702 484 1750 518; x_wconf 90' lang='lat' dir='ltr'><strong>ut</strong></span> 
     </span>
     <span class='ocr_line' id='line_1_10' title="bbox 156 544 1750 601; baseline 0.002 -17"><span class='ocrx_word' id='word_1_56' title='bbox 156 544 294 586; x_wconf 89' lang='lat' dir='ltr'><strong>uitam</strong></span> <span class='ocrx_word' id='word_1_57' title='bbox 317 545 493 587; x_wconf 87' lang='lat' dir='ltr'><strong>beatam</strong></span> <span class='ocrx_word' id='word_1_58' title='bbox 521 548 660 601; x_wconf 84' lang='lat' dir='ltr'><strong>possit</strong></span> <span class='ocrx_word' id='word_1_59' title='bbox 681 553 886 588; x_wconf 86' lang='lat' dir='ltr'><strong>euertere.</strong></span> <span class='ocrx_word' id='word_1_60' title='bbox 929 547 994 589; x_wconf 87' lang='lat'><strong>59.</strong></span> <span class='ocrx_word' id='word_1_61' title='bbox 1037 548 1121 587; x_wconf 90' lang='lat' dir='ltr'><strong>hoc</strong></span> <span class='ocrx_word' id='word_1_62' title='bbox 1148 548 1280 600; x_wconf 86' lang='lat' dir='ltr'><strong>igitur</strong></span> <span class='ocrx_word' id='word_1_63' title='bbox 1304 547 1490 588; x_wconf 89' lang='lat' dir='ltr'><strong>efficitur</strong></span> <span class='ocrx_word' id='word_1_64' title='bbox 1515 554 1562 589; x_wconf 88' lang='lat' dir='ltr'><strong>ut</strong></span> <span class='ocrx_word' id='word_1_65' title='bbox 1588 561 1647 589; x_wconf 87' lang='lat' dir='ltr'><strong>ex</strong></span> <span class='ocrx_word' id='word_1_66' title='bbox 1677 546 1750 587; x_wconf 91' lang='lat' dir='ltr'><strong>illo</strong></span> 
     </span>
     <span class='ocr_line' id='line_1_11' title="bbox 157 615 1752 669; baseline 0.001 -16"><span class='ocrx_word' id='word_1_67' title='bbox 157 615 422 668; x_wconf 89' lang='lat' dir='ltr'><strong>necopinato</strong></span> <span class='ocrx_word' id='word_1_68' title='bbox 451 615 583 668; x_wconf 83' lang='lat' dir='ltr'><strong>plaga</strong></span> <span class='ocrx_word' id='word_1_69' title='bbox 613 615 752 655; x_wconf 91' lang='lat' dir='ltr'><strong>maior</strong></span> <span class='ocrx_word' id='word_1_70' title='bbox 778 616 845 665; x_wconf 89' lang='lat' dir='ltr'><strong>sit,</strong></span> <span class='ocrx_word' id='word_1_71' title='bbox 872 629 973 664; x_wconf 89' lang='lat' dir='ltr'><strong>non,</strong></span> <span class='ocrx_word' id='word_1_72' title='bbox 1000 623 1047 656; x_wconf 88' lang='lat' dir='ltr'><strong>ut</strong></span> <span class='ocrx_word' id='word_1_73' title='bbox 1077 615 1138 656; x_wconf 91' lang='lat' dir='ltr'><strong>illi</strong></span> <span class='ocrx_word' id='word_1_74' title='bbox 1166 622 1336 669; x_wconf 89' lang='lat' dir='ltr'><strong>putant,</strong></span> <span class='ocrx_word' id='word_1_75' title='bbox 1362 623 1421 665; x_wconf 90' lang='lat' dir='ltr'><strong>ut,</strong></span> <span class='ocrx_word' id='word_1_76' title='bbox 1450 630 1549 657; x_wconf 90' lang='lat' dir='ltr'><strong>cum</strong></span> <span class='ocrx_word' id='word_1_77' title='bbox 1579 615 1752 656; x_wconf 90' lang='lat' dir='ltr'><strong>duobus</strong></span> 
     </span>
     <span class='ocr_line' id='line_1_12' title="bbox 157 683 1752 737; baseline 0.001 -15"><span class='ocrx_word' id='word_1_78' title='bbox 157 695 283 735; x_wconf 88' lang='lat' dir='ltr'><strong>pares</strong></span> <span class='ocrx_word' id='word_1_79' title='bbox 320 697 446 724; x_wconf 82' lang='lat' dir='ltr'><strong>casus</strong></span> <span class='ocrx_word' id='word_1_80' title='bbox 482 684 721 733; x_wconf 89' lang='lat' dir='ltr'><strong>euenerint,</strong></span> <span class='ocrx_word' id='word_1_81' title='bbox 750 685 785 724; x_wconf 88' lang='lat' dir='ltr'><strong>is</strong></span> <span class='ocrx_word' id='word_1_82' title='bbox 823 683 957 724; x_wconf 90' lang='lat' dir='ltr'><strong>modo</strong></span> <span class='ocrx_word' id='word_1_83' title='bbox 993 684 1268 737; x_wconf 82' lang='lat' dir='ltr'><strong>aegritudine</strong></span> <span class='ocrx_word' id='word_1_84' title='bbox 1304 684 1536 726; x_wconf 87' lang='lat' dir='ltr'><strong>adficiatur</strong></span> <span class='ocrx_word' id='word_1_85' title='bbox 1572 685 1642 725; x_wconf 91' lang='lat' dir='ltr'><strong>cui</strong></span> <span class='ocrx_word' id='word_1_86' title='bbox 1679 684 1752 725; x_wconf 88' lang='lat' dir='ltr'><strong>ille</strong></span> 
     </span>
     <span class='ocr_line' id='line_1_13' title="bbox 158 752 1753 807; baseline 0.002 -16"><span class='ocrx_word' id='word_1_87' title='bbox 158 752 423 805; x_wconf 90' lang='lat' dir='ltr'><strong>necopinato</strong></span> <span class='ocrx_word' id='word_1_88' title='bbox 441 767 567 793; x_wconf 84' lang='lat' dir='ltr'><strong>casus</strong></span> <span class='ocrx_word' id='word_1_89' title='bbox 589 754 799 794; x_wconf 88' lang='lat' dir='ltr'><strong>euenerit.</strong></span> <span class='ocrx_word' id='word_1_90' title='bbox 838 755 987 807; x_wconf 90' lang='lat' dir='ltr'><strong>itaque</strong></span> <span class='ocrx_word' id='word_1_91' title='bbox 1009 754 1215 795; x_wconf 90' lang='lat' dir='ltr'><strong>dicuntur</strong></span> <span class='ocrx_word' id='word_1_92' title='bbox 1236 768 1323 794; x_wconf 92' lang='lat' dir='ltr'><strong>non</strong></span> <span class='ocrx_word' id='word_1_93' title='bbox 1347 754 1454 794; x_wconf 90' lang='lat' dir='ltr'><strong>nulli</strong></span> <span class='ocrx_word' id='word_1_94' title='bbox 1477 755 1520 794; x_wconf 92' lang='lat' dir='ltr'><strong>in</strong></span> <span class='ocrx_word' id='word_1_95' title='bbox 1544 768 1753 803; x_wconf 88' lang='lat' dir='ltr'><strong>maerore,</strong></span> 
     </span>
     <span class='ocr_line' id='line_1_14' title="bbox 158 820 1754 876; baseline 0.001 -15"><span class='ocrx_word' id='word_1_96' title='bbox 158 833 258 861; x_wconf 92' lang='lat' dir='ltr'><strong>cum</strong></span> <span class='ocrx_word' id='word_1_97' title='bbox 285 820 341 862; x_wconf 92' lang='lat' dir='ltr'><strong>de</strong></span> <span class='ocrx_word' id='word_1_98' title='bbox 368 821 451 862; x_wconf 89' lang='lat' dir='ltr'><strong>hac</strong></span> <span class='ocrx_word' id='word_1_99' title='bbox 479 823 704 862; x_wconf 90' lang='lat' dir='ltr'><strong>communi</strong></span> <span class='ocrx_word' id='word_1_100' title='bbox 730 822 960 863; x_wconf 90' lang='lat' dir='ltr'><strong>hominum</strong></span> <span class='ocrx_word' id='word_1_101' title='bbox 987 823 1249 863; x_wconf 89' lang='lat' dir='ltr'><strong>condicione</strong></span> <span class='ocrx_word' id='word_1_102' title='bbox 1273 823 1558 872; x_wconf 87' lang='lat' dir='ltr'><strong>audiuissent,</strong></span> <span class='ocrx_word' id='word_1_103' title='bbox 1579 837 1632 864; x_wconf 94' lang='lat' dir='ltr'><strong>ea</strong></span> <span class='ocrx_word' id='word_1_104' title='bbox 1657 822 1754 876; x_wconf 85' lang='lat' dir='ltr'><strong>lege</strong></span> 
     </span>
     <span class='ocr_line' id='line_1_15' title="bbox 158 892 1756 946; baseline 0.001 -16"><span class='ocrx_word' id='word_1_105' title='bbox 158 903 254 931; x_wconf 88' lang='lat' dir='ltr'><strong>esse</strong></span> <span class='ocrx_word' id='word_1_106' title='bbox 282 905 362 931; x_wconf 91' lang='lat' dir='ltr'><strong>nos</strong></span> <span class='ocrx_word' id='word_1_107' title='bbox 389 898 517 932; x_wconf 89' lang='lat' dir='ltr'><strong>natos</strong></span> <span class='ocrx_word' id='word_1_108' title='bbox 543 899 592 933; x_wconf 88' lang='lat' dir='ltr'><strong>ut</strong></span> <span class='ocrx_word' id='word_1_109' title='bbox 621 905 753 933; x_wconf 89' lang='lat' dir='ltr'><strong>nemo</strong></span> <span class='ocrx_word' id='word_1_110' title='bbox 782 892 825 933; x_wconf 91' lang='lat' dir='ltr'><strong>in</strong></span> <span class='ocrx_word' id='word_1_111' title='bbox 856 899 1117 946; x_wconf 88' lang='lat' dir='ltr'><strong>perpetuum</strong></span> <span class='ocrx_word' id='word_1_112' title='bbox 1146 906 1242 934; x_wconf 87' lang='lat' dir='ltr'><strong>esse</strong></span> <span class='ocrx_word' id='word_1_113' title='bbox 1271 898 1421 946; x_wconf 91' lang='lat' dir='ltr'><strong>posset</strong></span> <span class='ocrx_word' id='word_1_114' title='bbox 1449 906 1608 946; x_wconf 86' lang='lat' dir='ltr'><strong>expers</strong></span> <span class='ocrx_word' id='word_1_115' title='bbox 1639 892 1756 940; x_wconf 85' lang='lat' dir='ltr'><strong>mali,</strong></span> 
     </span>
     <span class='ocr_line' id='line_1_16' title="bbox 159 961 679 1013; baseline 0.004 -13"><span class='ocrx_word' id='word_1_116' title='bbox 159 961 336 1013; x_wconf 84' lang='lat' dir='ltr'><strong>grauius</strong></span> <span class='ocrx_word' id='word_1_117' title='bbox 358 961 493 1002; x_wconf 87' lang='lat' dir='ltr'><strong>etiam</strong></span> <span class='ocrx_word' id='word_1_118' title='bbox 516 962 679 1003; x_wconf 87' lang='lat' dir='ltr'><strong>tulisse.</strong></span> 
     </span>
    </p>
   </div>
   <div class='ocr_carea' id='block_1_6' title="bbox 246 1030 1757 1085">
    <p class='ocr_par' dir='ltr' id='par_1_6' title="bbox 246 1030 1757 1085">
     <span class='ocr_line' id='line_1_17' title="bbox 246 1030 1757 1085; baseline 0.002 -14"><span class='ocrx_word' id='word_1_119' title='bbox 246 1030 395 1072; x_wconf 91' lang='lat' dir='ltr'><strong>XXV.</strong></span> <span class='ocrx_word' id='word_1_120' title='bbox 454 1031 672 1085; x_wconf 75' lang='lat' dir='ltr'><strong>Quocirca</strong></span> <span class='ocrx_word' id='word_1_121' title='bbox 723 1031 985 1082; x_wconf 82' lang='lat' dir='ltr'><strong>Carneades,</strong></span> <span class='ocrx_word' id='word_1_122' title='bbox 1036 1039 1084 1074; x_wconf 88' lang='lat' dir='ltr'><strong>ut</strong></span> <span class='ocrx_word' id='word_1_123' title='bbox 1136 1032 1265 1074; x_wconf 91' lang='lat' dir='ltr'><strong>uideo</strong></span> <span class='ocrx_word' id='word_1_124' title='bbox 1317 1038 1515 1073; x_wconf 86' lang='lat' dir='ltr'><strong>nostrum</strong></span> <span class='ocrx_word' id='word_1_125' title='bbox 1568 1033 1757 1074; x_wconf 89' lang='lat' dir='ltr'><strong>scribere</strong></span> 
     </span>
    </p>
   </div>
   <div class='ocr_carea' id='block_1_7' title="bbox 230 1146 654 1188">
    <p class='ocr_par' dir='ltr' id='par_1_7' title="bbox 230 1146 654 1188">
     <span class='ocr_line' id='line_1_18' title="bbox 230 1146 654 1188; baseline 0.005 -11"><span class='ocrx_word' id='word_1_126' title='bbox 230 1155 278 1187; x_wconf 85' lang='lat'><strong>19.</strong></span> <span class='ocrx_word' id='word_1_127' title='bbox 312 1146 402 1188; x_wconf 86' lang='lat' dir='ltr'><strong>uolgi</strong></span> <span class='ocrx_word' id='word_1_128' title='bbox 421 1147 450 1178; x_wconf 90' lang='lat' dir='ltr'><strong>R</strong></span> <span class='ocrx_word' id='word_1_129' title='bbox 470 1148 548 1179; x_wconf 92' lang='lat' dir='ltr'><strong>VG</strong></span> <span class='ocrx_word' id='word_1_130' title='bbox 567 1148 592 1178; x_wconf 91' lang='lat' dir='ltr'><strong>B</strong></span> <span class='ocrx_word' id='word_1_131' title='bbox 611 1148 654 1179; x_wconf 89' lang='lat' dir='ltr'><strong>K.</strong></span> 
     </span>
    </p>
   </div>
   <div class='ocr_carea' id='block_1_8' title="bbox 183 1187 207 1213">
    <p class='ocr_par' dir='ltr' id='par_1_8' title="bbox 183 1187 207 1213">
     <span class='ocr_line' id='line_1_19' title="bbox 183 1187 207 1213; baseline 0 0"><span class='ocrx_word' id='word_1_132' title='bbox 183 1187 207 1213; x_wconf 86' lang='lat' dir='ltr'><strong>is</strong></span> 
     </span>
    </p>
   </div>
   <div class='ocr_carea' id='block_1_9' title="bbox 161 1223 992 1266">
    <p class='ocr_par' dir='ltr' id='par_1_9' title="bbox 161 1223 992 1266">
     <span class='ocr_line' id='line_1_20' title="bbox 161 1223 992 1266; baseline 0.001 -13"><span class='ocrx_word' id='word_1_133' title='bbox 161 1223 422 1255; x_wconf 85' lang='lat' dir='ltr'><strong>extimescendas</strong></span> <span class='ocrx_word' id='word_1_134' title='bbox 441 1225 470 1255; x_wconf 91' lang='lat' dir='ltr'>R</span> <span class='ocrx_word' id='word_1_135' title='bbox 487 1225 530 1256; x_wconf 90' lang='lat' dir='ltr'><strong>al.</strong></span> <span class='ocrx_word' id='word_1_136' title='bbox 552 1235 642 1255; x_wconf 87' lang='lat' dir='ltr'><strong>man.</strong></span> <span class='ocrx_word' id='word_1_137' title='bbox 662 1230 821 1266; x_wconf 82' lang='lat' dir='ltr'><strong>superscr.</strong></span> <span class='ocrx_word' id='word_1_138' title='bbox 838 1230 903 1256; x_wconf 81' lang='lat' dir='ltr'><strong>atr.</strong></span> <span class='ocrx_word' id='word_1_139' title='bbox 920 1230 992 1256; x_wconf 86' lang='lat' dir='ltr'><strong>ant.</strong></span> 
     </span>
    </p>
   </div>
   <div class='ocr_carea' id='block_1_10' title="bbox 161 1276 740 1331">
    <p class='ocr_par' dir='ltr' id='par_1_10' title="bbox 161 1276 740 1331">
     <span class='ocr_line' id='line_1_21' title="bbox 723 1276 740 1293; baseline 0 0"><span class='ocrx_word' id='word_1_140' title='bbox 723 1276 740 1293; x_wconf 77' lang='lat' dir='ltr'>a</span> 
     </span>
     <span class='ocr_line' id='line_1_22' title="bbox 161 1300 445 1331; baseline 0.004 -1"><span class='ocrx_word' id='word_1_141' title='bbox 161 1300 229 1330; x_wconf 86' lang='lat' dir='ltr'><strong>ead.</strong></span> <span class='ocrx_word' id='word_1_142' title='bbox 251 1310 340 1331; x_wconf 84' lang='lat' dir='ltr'><strong>man.</strong></span> <span class='ocrx_word' id='word_1_143' title='bbox 362 1305 445 1331; x_wconf 84' lang='lat' dir='ltr'><strong>mut.</strong></span> 
     </span>
    </p>
   </div>
   <div class='ocr_carea' id='block_1_11' title="bbox 598 1344 842 1370">
    <p class='ocr_par' dir='ltr' id='par_1_11' title="bbox 598 1344 842 1370">
     <span class='ocr_line' id='line_1_23' title="bbox 598 1344 842 1370; baseline 0 0"><span class='ocrx_word' id='word_1_144' title='bbox 598 1344 608 1370; x_wconf 81' lang='lat'><strong>}</strong></span> <span class='ocrx_word' id='word_1_145' title='bbox 619 1345 842 1370; x_wconf 80' lang='lat' dir='ltr'><strong>extimescendas</strong></span> 
     </span>
    </p>
   </div>
   <div class='ocr_carea' id='block_1_12' title="bbox 163 1376 882 1505">
    <p class='ocr_par' dir='ltr' id='par_1_12' title="bbox 163 1376 882 1505">
     <span class='ocr_line' id='line_1_24' title="bbox 163 1376 419 1410; baseline 0 -3"><span class='ocrx_word' id='word_1_146' title='bbox 163 1376 363 1408; x_wconf 85' lang='lat' dir='ltr'><strong>estimandas</strong></span> <span class='ocrx_word' id='word_1_147' title='bbox 379 1376 419 1410; x_wconf 88' lang='lat' dir='ltr'><strong>C.</strong></span> 
     </span>
     <span class='ocr_line' id='line_1_25' title="bbox 163 1421 882 1463; baseline 0.004 -13"><span class='ocrx_word' id='word_1_148' title='bbox 163 1421 369 1451; x_wconf 86' lang='lat' dir='ltr'><strong>extimandas</strong></span> <span class='ocrx_word' id='word_1_149' title='bbox 387 1421 416 1451; x_wconf 95' lang='lat' dir='ltr'>O</span> <span class='ocrx_word' id='word_1_150' title='bbox 430 1422 459 1452; x_wconf 86' lang='lat'><strong>8.</strong></span> <span class='ocrx_word' id='word_1_151' title='bbox 562 1432 611 1453; x_wconf 82' lang='lat'><strong>20.</strong></span> <span class='ocrx_word' id='word_1_152' title='bbox 648 1423 698 1454; x_wconf 90' lang='lat' dir='ltr'><strong>his</strong></span> <span class='ocrx_word' id='word_1_153' title='bbox 718 1423 746 1453; x_wconf 88' lang='lat' dir='ltr'>R</span> <span class='ocrx_word' id='word_1_154' title='bbox 763 1434 773 1453; x_wconf 93' lang='lat'>1</span> <span class='ocrx_word' id='word_1_155' title='bbox 795 1422 882 1463; x_wconf 74' lang='lat' dir='ltr'><strong>(bis).</strong></span> 
     </span>
     <span class='ocr_line' id='line_1_26' title="bbox 164 1464 825 1505; baseline 0.006 -12"><span class='ocrx_word' id='word_1_156' title='bbox 164 1468 200 1494; x_wconf 82' lang='lat' dir='ltr'><strong>at</strong></span> <span class='ocrx_word' id='word_1_157' title='bbox 214 1464 358 1494; x_wconf 78' lang='lat' dir='ltr'><strong>duarum</strong></span> <span class='ocrx_word' id='word_1_158' title='bbox 376 1465 438 1495; x_wconf 84' lang='lat' dir='ltr'><strong>litt.</strong></span> <span class='ocrx_word' id='word_1_159' title='bbox 459 1465 562 1505; x_wconf 80' lang='lat' dir='ltr'><strong>spatio</strong></span> <span class='ocrx_word' id='word_1_160' title='bbox 577 1466 689 1497; x_wconf 79' lang='lat' dir='ltr'><strong>relicto</strong></span> <span class='ocrx_word' id='word_1_161' title='bbox 705 1467 742 1497; x_wconf 81' lang='lat' dir='ltr'><strong>z&#39;n</strong></span> <span class='ocrx_word' id='word_1_162' title='bbox 760 1477 825 1497; x_wconf 85' lang='lat' dir='ltr'><strong>ras.</strong></span> 
     </span>
    </p>
   </div>
   <div class='ocr_carea' id='block_1_13' title="bbox 164 1506 719 1551">
    <p class='ocr_par' dir='ltr' id='par_1_13' title="bbox 164 1506 719 1551">
     <span class='ocr_line' id='line_1_27' title="bbox 164 1506 719 1551; baseline 0.005 -14"><span class='ocrx_word' id='word_1_163' title='bbox 164 1506 290 1538; x_wconf 88' lang='lat' dir='ltr'><strong>ratione</strong></span> <span class='ocrx_word' id='word_1_164' title='bbox 307 1507 453 1549; x_wconf 34' lang='lat' dir='ltr'><strong>quedam</strong></span> <span class='ocrx_word' id='word_1_165' title='bbox 470 1509 497 1538; x_wconf 92' lang='lat' dir='ltr'>B</span> <span class='ocrx_word' id='word_1_166' title='bbox 513 1519 532 1551; x_wconf 67' lang='grc' dir='ltr'>ς</span> <span class='ocrx_word' id='word_1_167' title='bbox 549 1509 586 1539; x_wconf 84' lang='lat' dir='ltr'><strong>in</strong></span> <span class='ocrx_word' id='word_1_168' title='bbox 602 1520 622 1540; x_wconf 84' lang='lat' dir='ltr'><strong>a</strong></span> <span class='ocrx_word' id='word_1_169' title='bbox 638 1515 719 1541; x_wconf 89' lang='lat' dir='ltr'><strong>mut.</strong></span> 
     </span>
    </p>
   </div>
   <div class='ocr_carea' id='block_1_14' title="bbox 166 1681 717 1852">
    <p class='ocr_par' dir='ltr' id='par_1_14' title="bbox 166 1681 717 1852">
     <span class='ocr_line' id='line_1_28' title="bbox 167 1681 676 1724; baseline 0.008 -14"><span class='ocrx_word' id='word_1_170' title='bbox 167 1681 226 1721; x_wconf 81' lang='lat'><strong>133</strong></span> <span class='ocrx_word' id='word_1_171' title='bbox 274 1681 334 1721; x_wconf 82' lang='lat' dir='ltr'><strong>E3</strong></span> <span class='ocrx_word' id='word_1_172' title='bbox 382 1681 442 1713; x_wconf 93' lang='lat' dir='ltr'><strong>L6</strong></span> <span class='ocrx_word' id='word_1_173' title='bbox 489 1682 554 1713; x_wconf 74' lang='lat' dir='ltr'><strong>M‘z</strong></span> <span class='ocrx_word' id='word_1_174' title='bbox 603 1683 676 1724; x_wconf 81' lang='lat'><strong>03.</strong></span> 
     </span>
     <span class='ocr_line' id='line_1_29' title="bbox 166 1723 717 1767; baseline 0.007 -14"><span class='ocrx_word' id='word_1_175' title='bbox 166 1723 248 1754; x_wconf 90' lang='lat' dir='ltr'><strong>illud</strong></span> <span class='ocrx_word' id='word_1_176' title='bbox 265 1725 412 1755; x_wconf 88' lang='lat' dir='ltr'><strong>continet</strong></span> <span class='ocrx_word' id='word_1_177' title='bbox 428 1725 551 1757; x_wconf 87' lang='lat' dir='ltr'><strong>malum</strong></span> <span class='ocrx_word' id='word_1_178' title='bbox 570 1727 610 1756; x_wconf 92' lang='lat' dir='ltr'>W</span> <span class='ocrx_word' id='word_1_179' title='bbox 627 1737 637 1757; x_wconf 94' lang='lat'>1</span> <span class='ocrx_word' id='word_1_180' title='bbox 685 1727 717 1767; x_wconf 92' lang='lat' dir='ltr'><strong>J.</strong></span> 
     </span>
     <span class='ocr_line' id='line_1_30' title="bbox 166 1767 650 1801; baseline 0.006 -4"><span class='ocrx_word' id='word_1_181' title='bbox 166 1767 249 1797; x_wconf 91' lang='lat' dir='ltr'><strong>illud</strong></span> <span class='ocrx_word' id='word_1_182' title='bbox 265 1768 413 1799; x_wconf 87' lang='lat' dir='ltr'><strong>continet</strong></span> <span class='ocrx_word' id='word_1_183' title='bbox 428 1769 552 1800; x_wconf 88' lang='lat' dir='ltr'><strong>malum</strong></span> <span class='ocrx_word' id='word_1_184' title='bbox 570 1770 607 1800; x_wconf 95' lang='lat' dir='ltr'>M</span> <span class='ocrx_word' id='word_1_185' title='bbox 623 1781 650 1801; x_wconf 88' lang='lat'><strong>1.</strong></span> 
     </span>
     <span class='ocr_line' id='line_1_31' title="bbox 168 1810 641 1852; baseline 0.008 -12"><span class='ocrx_word' id='word_1_186' title='bbox 168 1810 249 1841; x_wconf 90' lang='lat' dir='ltr'><strong>illud</strong></span> <span class='ocrx_word' id='word_1_187' title='bbox 266 1812 411 1842; x_wconf 89' lang='lat' dir='ltr'><strong>continet</strong></span> <span class='ocrx_word' id='word_1_188' title='bbox 428 1812 551 1843; x_wconf 85' lang='lat' dir='ltr'><strong>malum</strong></span> <span class='ocrx_word' id='word_1_189' title='bbox 570 1813 598 1843; x_wconf 93' lang='lat' dir='ltr'>L</span> <span class='ocrx_word' id='word_1_190' title='bbox 612 1826 641 1852; x_wconf 89' lang='lat'><strong>4.</strong></span> 
     </span>
    </p>
   </div>
   <div class='ocr_carea' id='block_1_15' title="bbox 168 1931 591 1964">
    <p class='ocr_par' dir='ltr' id='par_1_15' title="bbox 168 1931 591 1964">
     <span class='ocr_line' id='line_1_32' title="bbox 168 1931 591 1964; baseline 0.009 -4"><span class='ocrx_word' id='word_1_191' title='bbox 168 1940 251 1961; x_wconf 80' lang='lat' dir='ltr'><strong>corr.</strong></span> <span class='ocrx_word' id='word_1_192' title='bbox 282 1931 459 1963; x_wconf 78' lang='lat' dir='ltr'><strong>Bentlez&#39;us.</strong></span> <span class='ocrx_word' id='word_1_193' title='bbox 575 1943 591 1964; x_wconf 86' lang='lat'><strong>2</strong></span> 
     </span>
    </p>
   </div>
   <div class='ocr_carea' id='block_1_16' title="bbox 234 1974 696 2012">
    <p class='ocr_par' dir='ltr' id='par_1_16' title="bbox 234 1974 696 2012">
     <span class='ocr_line' id='line_1_33' title="bbox 234 1974 696 2012; baseline 0.006 -7"><span class='ocrx_word' id='word_1_194' title='bbox 234 1975 250 2012; x_wconf 69' lang='grc' dir='ltr'><strong>ἓ</strong></span> <span class='ocrx_word' id='word_1_195' title='bbox 265 1977 315 2010; x_wconf 83' lang='grc'><strong>59,</strong></span> <span class='ocrx_word' id='word_1_196' title='bbox 335 1974 386 2006; x_wconf 82' lang='lat'><strong>26.</strong></span> <span class='ocrx_word' id='word_1_197' title='bbox 418 1975 591 2007; x_wconf 85' lang='lat' dir='ltr'><strong>adficiatur</strong></span> <span class='ocrx_word' id='word_1_198' title='bbox 608 1977 637 2006; x_wconf 94' lang='lat' dir='ltr'><em>V</em></span> <span class='ocrx_word' id='word_1_199' title='bbox 655 1976 696 2008; x_wconf 93' lang='lat' dir='ltr'><strong>G.</strong></span> 
     </span>
    </p>
   </div>
   <div class='ocr_carea' id='block_1_17' title="bbox 169 2061 695 2137">
    <p class='ocr_par' dir='ltr' id='par_1_17' title="bbox 169 2061 695 2137">
     <span class='ocr_line' id='line_1_34' title="bbox 169 2061 612 2102; baseline 0.007 -11"><span class='ocrx_word' id='word_1_200' title='bbox 169 2070 229 2091; x_wconf 87' lang='lat' dir='ltr'><strong>nec</strong></span> <span class='ocrx_word' id='word_1_201' title='bbox 246 2061 399 2102; x_wconf 83' lang='lat' dir='ltr'><strong>opinatus</strong></span> <span class='ocrx_word' id='word_1_202' title='bbox 418 2063 447 2092; x_wconf 91' lang='lat' dir='ltr'><strong>R</strong></span> <span class='ocrx_word' id='word_1_203' title='bbox 461 2063 480 2093; x_wconf 84' lang='lat'>6</span> <span class='ocrx_word' id='word_1_204' title='bbox 525 2063 568 2093; x_wconf 91' lang='lat' dir='ltr'>W</span> <span class='ocrx_word' id='word_1_205' title='bbox 585 2074 612 2094; x_wconf 92' lang='lat'><strong>1.</strong></span> 
     </span>
     <span class='ocr_line' id='line_1_35' title="bbox 169 2103 695 2137; baseline 0.006 -3"><span class='ocrx_word' id='word_1_206' title='bbox 169 2103 205 2134; x_wconf 82' lang='lat' dir='ltr'><strong>in</strong></span> <span class='ocrx_word' id='word_1_207' title='bbox 222 2104 411 2136; x_wconf 88' lang='lat' dir='ltr'><strong>conditione</strong></span> <span class='ocrx_word' id='word_1_208' title='bbox 427 2106 484 2136; x_wconf 85' lang='lat' dir='ltr'><strong>alt.</strong></span> <span class='ocrx_word' id='word_1_209' title='bbox 506 2117 597 2136; x_wconf 86' lang='lat' dir='ltr'><strong>man.</strong></span> <span class='ocrx_word' id='word_1_210' title='bbox 615 2111 695 2137; x_wconf 84' lang='lat' dir='ltr'><strong>mut.</strong></span> 
     </span>
    </p>
   </div>
   <div class='ocr_carea' id='block_1_18' title="bbox 233 2181 691 2214">
    <p class='ocr_par' dir='ltr' id='par_1_18' title="bbox 233 2181 691 2214">
     <span class='ocr_line' id='line_1_36' title="bbox 233 2181 691 2214; baseline 0.007 -3"><span class='ocrx_word' id='word_1_211' title='bbox 233 2181 345 2212; x_wconf 90' lang='lat' dir='ltr'><strong>XXV.</strong></span> <span class='ocrx_word' id='word_1_212' title='bbox 381 2192 406 2212; x_wconf 91' lang='lat'><strong>1.</strong></span> <span class='ocrx_word' id='word_1_213' title='bbox 441 2192 539 2213; x_wconf 86' lang='lat' dir='ltr'><strong>carne</strong></span> <span class='ocrx_word' id='word_1_214' title='bbox 555 2182 633 2214; x_wconf 89' lang='lat' dir='ltr'><strong>ades</strong></span> <span class='ocrx_word' id='word_1_215' title='bbox 649 2183 691 2213; x_wconf 91' lang='lat' dir='ltr'><em>V.</em></span> 
     </span>
    </p>
   </div>
   <div class='ocr_carea' id='block_1_19' title="bbox 855 2149 922 2175">
    <p class='ocr_par' dir='ltr' id='par_1_19' title="bbox 855 2149 922 2175">
     <span class='ocr_line' id='line_1_37' title="bbox 855 2149 922 2175; baseline 0 -1"><span class='ocrx_word' id='word_1_216' title='bbox 855 2149 922 2175; x_wconf 85' lang='lat' dir='ltr'><strong>ades</strong></span> 
     </span>
    </p>
   </div>
   <div class='ocr_carea' id='block_1_20' title="bbox 169 2289 929 2414">
    <p class='ocr_par' dir='ltr' id='par_1_20' title="bbox 169 2289 929 2414">
     <span class='ocr_line' id='line_1_38' title="bbox 213 2289 929 2332; baseline 0.003 -13"><span class='ocrx_word' id='word_1_217' title='bbox 213 2289 274 2324; x_wconf 85' lang='lat' dir='ltr'><strong>qui</strong></span> <span class='ocrx_word' id='word_1_218' title='bbox 290 2291 375 2320; x_wconf 86' lang='lat' dir='ltr'><strong>ante</strong></span> <span class='ocrx_word' id='word_1_219' title='bbox 390 2291 611 2320; x_wconf 80' lang='lat' dir='ltr'><strong>meditantur</strong></span> <span class='ocrx_word' id='word_1_220' title='bbox 624 2302 631 2321; x_wconf 71' lang='grc' dir='ltr'><strong><em>ε</em></strong></span> <span class='ocrx_word' id='word_1_221' title='bbox 647 2290 696 2321; x_wconf 89' lang='lat' dir='ltr'><strong>for</strong></span> <span class='ocrx_word' id='word_1_222' title='bbox 713 2289 929 2332; x_wconf 63' lang='lat' dir='ltr'><strong>Chrysippus*</strong></span> 
     </span>
     <span class='ocr_line' id='line_1_39' title="bbox 169 2332 926 2374; baseline 0.003 -12"><span class='ocrx_word' id='word_1_223' title='bbox 169 2332 474 2363; x_wconf 86' lang='lat' dir='ltr'><strong>recommendation</strong></span> <span class='ocrx_word' id='word_1_224' title='bbox 520 2333 558 2364; x_wconf 90' lang='lat' dir='ltr'><strong>of</strong></span> <span class='ocrx_word' id='word_1_225' title='bbox 592 2334 842 2374; x_wconf 77' lang='lat' dir='ltr'><strong>praemeditatio</strong></span> <span class='ocrx_word' id='word_1_226' title='bbox 887 2333 926 2365; x_wconf 92' lang='lat' dir='ltr'><strong>cf.</strong></span> 
     </span>
     <span class='ocr_line' id='line_1_40' title="bbox 170 2384 326 2414; baseline 0 -8"><span class='ocrx_word' id='word_1_227' title='bbox 170 2385 223 2411; x_wconf 83' lang='lat'><strong>20,</strong></span> <span class='ocrx_word' id='word_1_228' title='bbox 244 2384 281 2414; x_wconf 82' lang='lat'><strong>52</strong></span> <span class='ocrx_word' id='word_1_229' title='bbox 294 2386 326 2406; x_wconf 89' lang='lat' dir='ltr'><strong>n.</strong></span> 
     </span>
    </p>
   </div>
   <div class='ocr_carea' id='block_1_21' title="bbox 166 2419 933 2718">
    <p class='ocr_par' dir='ltr' id='par_1_21' title="bbox 213 2419 684 2456">
     <span class='ocr_line' id='line_1_41' title="bbox 213 2419 684 2456; baseline 0.004 -7"><span class='ocrx_word' id='word_1_230' title='bbox 213 2421 306 2456; x_wconf 83' lang='lat' dir='ltr'><strong>quod</strong></span> <span class='ocrx_word' id='word_1_231' title='bbox 321 2420 366 2449; x_wconf 83' lang='lat' dir='ltr'><strong>ils</strong></span> <span class='ocrx_word' id='word_1_232' title='bbox 383 2429 426 2450; x_wconf 88' lang='lat' dir='ltr'><strong>sc.</strong></span> <span class='ocrx_word' id='word_1_233' title='bbox 446 2419 581 2451; x_wconf 78' lang='lat' dir='ltr'><strong>accidere</strong></span> <span class='ocrx_word' id='word_1_234' title='bbox 597 2421 684 2451; x_wconf 82' lang='lat' dir='ltr'><strong>solet.</strong></span> 
     </span>
    </p>

    <p class='ocr_par' dir='ltr' id='par_1_22' title="bbox 166 2463 933 2580">
     <span class='ocr_line' id='line_1_42' title="bbox 211 2463 933 2504; baseline 0.003 -12"><span class='ocrx_word' id='word_1_235' title='bbox 211 2463 391 2493; x_wconf 79' lang='lat' dir='ltr'><strong>intellecto</strong></span> <span class='ocrx_word' id='word_1_236' title='bbox 452 2464 610 2494; x_wconf 73' lang='lat' dir='ltr'><strong>continet.</strong></span> <span class='ocrx_word' id='word_1_237' title='bbox 673 2487 681 2501; x_wconf 90' lang='lat'>‚</span> <span class='ocrx_word' id='word_1_238' title='bbox 717 2464 824 2495; x_wconf 86' lang='lat' dir='ltr'><strong>‘since</strong></span> <span class='ocrx_word' id='word_1_239' title='bbox 855 2463 933 2504; x_wconf 98' lang='lat' dir='ltr'><strong>they</strong></span> 
     </span>
     <span class='ocr_line' id='line_1_43' title="bbox 169 2505 931 2548; baseline 0.004 -13"><span class='ocrx_word' id='word_1_240' title='bbox 169 2505 285 2536; x_wconf 86' lang='lat' dir='ltr'><strong>realize</strong></span> <span class='ocrx_word' id='word_1_241' title='bbox 301 2506 373 2536; x_wconf 90' lang='lat' dir='ltr'><strong>that</strong></span> <span class='ocrx_word' id='word_1_242' title='bbox 388 2507 498 2538; x_wconf 89' lang='lat' dir='ltr'><strong>which</strong></span> <span class='ocrx_word' id='word_1_243' title='bbox 514 2506 541 2537; x_wconf 87' lang='lat' dir='ltr'><strong>is</strong></span> <span class='ocrx_word' id='word_1_244' title='bbox 558 2507 614 2538; x_wconf 89' lang='lat' dir='ltr'><strong>the</strong></span> <span class='ocrx_word' id='word_1_245' title='bbox 630 2506 809 2548; x_wconf 84' lang='lat' dir='ltr'><strong>important</strong></span> <span class='ocrx_word' id='word_1_246' title='bbox 826 2506 931 2548; x_wconf 87' lang='lat' dir='ltr'><strong>point,</strong></span> 
     </span>
     <span class='ocr_line' id='line_1_44' title="bbox 166 2549 372 2580; baseline 0.01 -2"><span class='ocrx_word' id='word_1_247' title='bbox 166 2549 228 2580; x_wconf 88' lang='lat' dir='ltr'><strong>viz.</strong></span> <span class='ocrx_word' id='word_1_248' title='bbox 248 2549 372 2580; x_wconf 89' lang='lat' dir='ltr'><strong>that...’</strong></span> 
     </span>
    </p>

    <p class='ocr_par' dir='ltr' id='par_1_23' title="bbox 167 2593 932 2718">
     <span class='ocr_line' id='line_1_45' title="bbox 211 2593 931 2635; baseline 0.003 -13"><span class='ocrx_word' id='word_1_249' title='bbox 211 2594 395 2629; x_wconf 78' lang='lat' dir='ltr'><strong>opinatum</strong></span> <span class='ocrx_word' id='word_1_250' title='bbox 418 2595 487 2624; x_wconf 78' lang='lat' dir='ltr'><strong>sit:</strong></span> <span class='ocrx_word' id='word_1_251' title='bbox 512 2593 590 2625; x_wconf 85' lang='lat' dir='ltr'><strong>here</strong></span> <span class='ocrx_word' id='word_1_252' title='bbox 614 2594 647 2624; x_wconf 91' lang='lat' dir='ltr'><strong>in</strong></span> <span class='ocrx_word' id='word_1_253' title='bbox 672 2593 801 2635; x_wconf 85' lang='lat' dir='ltr'><strong>passive</strong></span> <span class='ocrx_word' id='word_1_254' title='bbox 825 2603 931 2629; x_wconf 88' lang='lat' dir='ltr'><strong>sense,</strong></span> 
     </span>
     <span class='ocr_line' id='line_1_46' title="bbox 167 2635 932 2678; baseline 0.003 -12"><span class='ocrx_word' id='word_1_255' title='bbox 167 2635 208 2666; x_wconf 86' lang='lat' dir='ltr'><strong>cf.</strong></span> <span class='ocrx_word' id='word_1_256' title='bbox 240 2646 286 2673; x_wconf 89' lang='lat'><strong>11,</strong></span> <span class='ocrx_word' id='word_1_257' title='bbox 312 2646 396 2675; x_wconf 79' lang='lat' dir='ltr'><strong>24n.</strong></span> <span class='ocrx_word' id='word_1_258' title='bbox 424 2647 467 2667; x_wconf 91' lang='lat' dir='ltr'><strong>on</strong></span> <span class='ocrx_word' id='word_1_259' title='bbox 492 2637 661 2678; x_wconf 88' lang='lat' dir='ltr'><strong>‘opinati.’</strong></span> <span class='ocrx_word' id='word_1_260' title='bbox 703 2638 798 2678; x_wconf 80' lang='lat' dir='ltr'><em>opino</em></span> <span class='ocrx_word' id='word_1_261' title='bbox 821 2637 847 2668; x_wconf 91' lang='lat' dir='ltr'><strong>is</strong></span> <span class='ocrx_word' id='word_1_262' title='bbox 871 2637 932 2668; x_wconf 87' lang='lat' dir='ltr'><strong>fre-</strong></span> 
     </span>
     <span class='ocr_line' id='line_1_47' title="bbox 167 2679 421 2718; baseline 0.004 -9"><span class='ocrx_word' id='word_1_263' title='bbox 167 2684 269 2718; x_wconf 89' lang='lat' dir='ltr'><strong>quent</strong></span> <span class='ocrx_word' id='word_1_264' title='bbox 285 2679 318 2709; x_wconf 92' lang='lat' dir='ltr'><strong>in</strong></span> <span class='ocrx_word' id='word_1_265' title='bbox 336 2679 421 2710; x_wconf 87' lang='lat' dir='ltr'><strong>O.L.</strong></span> 
     </span>
    </p>
   </div>
   <div class='ocr_carea' id='block_1_22' title="bbox 167 2722 931 2798">
    <p class='ocr_par' dir='ltr' id='par_1_24' title="bbox 167 2722 931 2798">
     <span class='ocr_line' id='line_1_48' title="bbox 210 2722 931 2761; baseline 0.003 -9"><span class='ocrx_word' id='word_1_266' title='bbox 210 2722 226 2759; x_wconf 67' lang='grc' dir='ltr'>ἓ</span> <span class='ocrx_word' id='word_1_267' title='bbox 245 2725 295 2752; x_wconf 85' lang='grc'><strong>59.</strong></span> <span class='ocrx_word' id='word_1_268' title='bbox 327 2724 475 2753; x_wconf 77' lang='lat' dir='ltr'><strong>efficitur</strong></span> <span class='ocrx_word' id='word_1_269' title='bbox 497 2726 561 2754; x_wconf 78' lang='lat' dir='ltr'><strong>ut:</strong></span> <span class='ocrx_word' id='word_1_270' title='bbox 594 2723 604 2754; x_wconf 93' lang='lat' dir='ltr'><strong>i</strong></span> <span class='ocrx_word' id='word_1_271' title='bbox 629 2725 658 2761; x_wconf 88' lang='lat'><strong>8,</strong></span> <span class='ocrx_word' id='word_1_272' title='bbox 691 2722 775 2755; x_wconf 78' lang='lat'><strong>1611.</strong></span> <span class='ocrx_word' id='word_1_273' title='bbox 809 2723 931 2754; x_wconf 88' lang='lat' dir='ltr'><strong>‘From</strong></span> 
     </span>
     <span class='ocr_line' id='line_1_49' title="bbox 167 2765 533 2798; baseline 0.011 -4"><span class='ocrx_word' id='word_1_274' title='bbox 167 2765 210 2795; x_wconf 90' lang='lat' dir='ltr'><strong>all</strong></span> <span class='ocrx_word' id='word_1_275' title='bbox 228 2765 292 2795; x_wconf 86' lang='lat' dir='ltr'><strong>this</strong></span> <span class='ocrx_word' id='word_1_276' title='bbox 308 2765 331 2796; x_wconf 89' lang='lat' dir='ltr'><strong>it</strong></span> <span class='ocrx_word' id='word_1_277' title='bbox 349 2765 533 2798; x_wconf 87' lang='lat' dir='ltr'><strong>follows&#39;...</strong></span> 
     </span>
    </p>
   </div>
   <div class='ocr_carea' id='block_1_23' title="bbox 165 2809 939 2937">
    <p class='ocr_par' dir='ltr' id='par_1_25' title="bbox 165 2809 939 2937">
     <span class='ocr_line' id='line_1_50' title="bbox 209 2809 933 2851; baseline 0.003 -13"><span class='ocrx_word' id='word_1_278' title='bbox 209 2811 251 2838; x_wconf 78' lang='lat' dir='ltr'><strong>ut</strong></span> <span class='ocrx_word' id='word_1_279' title='bbox 266 2816 308 2839; x_wconf 87' lang='lat' dir='ltr'><strong>ex</strong></span> <span class='ocrx_word' id='word_1_280' title='bbox 319 2810 381 2840; x_wconf 83' lang='lat' dir='ltr'><strong>ino</strong></span> <span class='ocrx_word' id='word_1_281' title='bbox 396 2811 659 2847; x_wconf 57' lang='lat' dir='ltr'><strong>necopinata...</strong></span> <span class='ocrx_word' id='word_1_282' title='bbox 688 2809 761 2841; x_wconf 89' lang='lat' dir='ltr'><strong>The</strong></span> <span class='ocrx_word' id='word_1_283' title='bbox 778 2809 873 2851; x_wconf 84' lang='lat' dir='ltr'><strong>point</strong></span> <span class='ocrx_word' id='word_1_284' title='bbox 888 2809 933 2840; x_wconf 87' lang='lat' dir='ltr'><strong>all</strong></span> 
     </span>
     <span class='ocr_line' id='line_1_51' title="bbox 166 2852 933 2894; baseline 0 -11"><span class='ocrx_word' id='word_1_285' title='bbox 166 2852 266 2893; x_wconf 85' lang='lat' dir='ltr'><strong>along</strong></span> <span class='ocrx_word' id='word_1_286' title='bbox 293 2852 371 2883; x_wconf 88' lang='lat' dir='ltr'><strong>here</strong></span> <span class='ocrx_word' id='word_1_287' title='bbox 402 2853 428 2883; x_wconf 90' lang='lat' dir='ltr'><strong>is</strong></span> <span class='ocrx_word' id='word_1_288' title='bbox 455 2853 525 2883; x_wconf 88' lang='lat' dir='ltr'><strong>that</strong></span> <span class='ocrx_word' id='word_1_289' title='bbox 557 2853 614 2884; x_wconf 88' lang='lat' dir='ltr'><strong>the</strong></span> <span class='ocrx_word' id='word_1_290' title='bbox 645 2854 868 2894; x_wconf 78' lang='lat' dir='ltr'><strong>necopinatum</strong></span> <span class='ocrx_word' id='word_1_291' title='bbox 907 2852 933 2883; x_wconf 86' lang='lat' dir='ltr'><strong>is</strong></span> 
     </span>
     <span class='ocr_line' id='line_1_52' title="bbox 165 2895 939 2937; baseline -0.001 -10"><span class='ocrx_word' id='word_1_292' title='bbox 165 2896 347 2937; x_wconf 82' lang='lat' dir='ltr'><strong>subjective</strong></span> <span class='ocrx_word' id='word_1_293' title='bbox 375 2901 433 2927; x_wconf 91' lang='lat' dir='ltr'><strong>not</strong></span> <span class='ocrx_word' id='word_1_294' title='bbox 459 2896 636 2935; x_wconf 86' lang='lat' dir='ltr'><strong>objective.</strong></span> <span class='ocrx_word' id='word_1_295' title='bbox 669 2897 742 2928; x_wconf 91' lang='lat' dir='ltr'><strong>The</strong></span> <span class='ocrx_word' id='word_1_296' title='bbox 773 2906 870 2927; x_wconf 89' lang='lat' dir='ltr'><strong>cause</strong></span> <span class='ocrx_word' id='word_1_297' title='bbox 901 2895 939 2927; x_wconf 93' lang='lat' dir='ltr'><strong>of</strong></span> 
     </span>
    </p>
   </div>
   <div class='ocr_carea' id='block_1_24' title="bbox 621 1302 1211 1334">
    <p class='ocr_par' dir='ltr' id='par_1_26' title="bbox 621 1302 1211 1334">
     <span class='ocr_line' id='line_1_53' title="bbox 621 1302 1211 1334; baseline 0 0"><span class='ocrx_word' id='word_1_298' title='bbox 621 1302 892 1334; x_wconf 66' lang='lat' dir='ltr'><strong>estimeneendas</strong></span> <span class='ocrx_word' id='word_1_299' title='bbox 910 1303 938 1333; x_wconf 89' lang='lat' dir='ltr'>E</span> <span class='ocrx_word' id='word_1_300' title='bbox 953 1313 964 1333; x_wconf 86' lang='lat'>1</span> <span class='ocrx_word' id='word_1_301' title='bbox 984 1303 1027 1334; x_wconf 84' lang='lat' dir='ltr'><strong>al.</strong></span> <span class='ocrx_word' id='word_1_302' title='bbox 1049 1307 1111 1333; x_wconf 83' lang='lat' dir='ltr'><strong>atr.</strong></span> <span class='ocrx_word' id='word_1_303' title='bbox 1130 1306 1211 1334; x_wconf 84' lang='lat' dir='ltr'><strong>mut.</strong></span> 
     </span>
    </p>
   </div>
   <div class='ocr_carea' id='block_1_25' title="bbox 615 1380 1197 1420">
    <p class='ocr_par' dir='ltr' id='par_1_27' title="bbox 615 1380 1197 1420">
     <span class='ocr_line' id='line_1_54' title="bbox 615 1380 1197 1420; baseline -0.002 -10"><span class='ocrx_word' id='word_1_304' title='bbox 615 1380 815 1411; x_wconf 91' lang='lat' dir='ltr'><strong>estimandas</strong></span> <span class='ocrx_word' id='word_1_305' title='bbox 850 1380 882 1410; x_wconf 96' lang='lat' dir='ltr'>D</span> <span class='ocrx_word' id='word_1_306' title='bbox 899 1380 941 1410; x_wconf 85' lang='lat' dir='ltr'><strong>al.</strong></span> <span class='ocrx_word' id='word_1_307' title='bbox 962 1384 1026 1410; x_wconf 82' lang='lat' dir='ltr'><strong>atr.</strong></span> <span class='ocrx_word' id='word_1_308' title='bbox 1042 1384 1197 1420; x_wconf 79' lang='lat' dir='ltr'><strong>superscr.</strong></span> 
     </span>
    </p>
   </div>
   <div class='ocr_carea' id='block_1_26' title="bbox 901 1421 1531 1507">
    <p class='ocr_par' dir='ltr' id='par_1_28' title="bbox 901 1421 1531 1507">
     <span class='ocr_line' id='line_1_55' title="bbox 986 1421 1531 1462; baseline -0.002 -9"><span class='ocrx_word' id='word_1_309' title='bbox 986 1433 1037 1453; x_wconf 78' lang='lat'><strong>¹21.</strong></span> <span class='ocrx_word' id='word_1_310' title='bbox 1070 1423 1199 1455; x_wconf 66' lang='lat' dir='ltr'><strong>ratione</strong></span> <span class='ocrx_word' id='word_1_311' title='bbox 1216 1422 1244 1452; x_wconf 87' lang='lat' dir='ltr'>E</span> <span class='ocrx_word' id='word_1_312' title='bbox 1260 1432 1271 1453; x_wconf 85' lang='lat'>1</span> <span class='ocrx_word' id='word_1_313' title='bbox 1283 1421 1365 1462; x_wconf 81' lang='lat' dir='ltr'><strong>fhrt.</strong></span> <span class='ocrx_word' id='word_1_314' title='bbox 1386 1423 1449 1453; x_wconf 87' lang='lat' dir='ltr'><strong>eod.</strong></span> <span class='ocrx_word' id='word_1_315' title='bbox 1466 1427 1531 1453; x_wconf 81' lang='lat' dir='ltr'><strong>atr.</strong></span> 
     </span>
     <span class='ocr_line' id='line_1_56' title="bbox 901 1465 1316 1507; baseline -0.002 -10"><span class='ocrx_word' id='word_1_316' title='bbox 901 1466 1028 1497; x_wconf 82' lang='lat' dir='ltr'><strong>ratione</strong></span> <span class='ocrx_word' id='word_1_317' title='bbox 1044 1466 1207 1507; x_wconf 87' lang='lat' dir='ltr'><strong>quaedam</strong></span> <span class='ocrx_word' id='word_1_318' title='bbox 1225 1465 1255 1497; x_wconf 90' lang='lat' dir='ltr'>G</span> <span class='ocrx_word' id='word_1_319' title='bbox 1274 1465 1316 1496; x_wconf 90' lang='lat' dir='ltr'><strong>K.</strong></span> 
     </span>
    </p>
   </div>
   <div class='ocr_carea' id='block_1_27' title="bbox 168 1769 1426 1897">
    <p class='ocr_par' dir='ltr' id='par_1_29' title="bbox 168 1769 1426 1897">
     <span class='ocr_line' id='line_1_57' title="bbox 783 1769 1426 1812; baseline -0.005 -11"><span class='ocrx_word' id='word_1_320' title='bbox 783 1774 848 1812; x_wconf 71' lang='lat' dir='ltr'><strong>qua</strong></span> <span class='ocrx_word' id='word_1_321' title='bbox 864 1780 933 1801; x_wconf 89' lang='lat' dir='ltr'><strong>rem</strong></span> <span class='ocrx_word' id='word_1_322' title='bbox 949 1770 1031 1801; x_wconf 86' lang='lat' dir='ltr'><strong>illud</strong></span> <span class='ocrx_word' id='word_1_323' title='bbox 1048 1769 1193 1801; x_wconf 87' lang='lat' dir='ltr'><strong>continet</strong></span> <span class='ocrx_word' id='word_1_324' title='bbox 1210 1769 1333 1799; x_wconf 89' lang='lat' dir='ltr'><strong>malum</strong></span> <span class='ocrx_word' id='word_1_325' title='bbox 1352 1769 1381 1801; x_wconf 91' lang='lat' dir='ltr'>O</span> <span class='ocrx_word' id='word_1_326' title='bbox 1397 1778 1426 1808; x_wconf 87' lang='lat'><strong>7.</strong></span> 
     </span>
     <span class='ocr_line' id='line_1_58' title="bbox 737 1812 1336 1855; baseline -0.005 -11"><span class='ocrx_word' id='word_1_327' title='bbox 737 1814 827 1855; x_wconf 89' lang='lat' dir='ltr'><strong>quod</strong></span> <span class='ocrx_word' id='word_1_328' title='bbox 844 1813 925 1844; x_wconf 91' lang='lat' dir='ltr'><strong>illud</strong></span> <span class='ocrx_word' id='word_1_329' title='bbox 943 1813 1090 1844; x_wconf 88' lang='lat' dir='ltr'><strong>continet</strong></span> <span class='ocrx_word' id='word_1_330' title='bbox 1107 1813 1229 1843; x_wconf 87' lang='lat' dir='ltr'><strong>malum</strong></span> <span class='ocrx_word' id='word_1_331' title='bbox 1248 1812 1280 1842; x_wconf 94' lang='lat' dir='ltr'>D</span> <span class='ocrx_word' id='word_1_332' title='bbox 1298 1812 1336 1842; x_wconf 91' lang='lat' dir='ltr'><strong>C.</strong></span> 
     </span>
     <span class='ocr_line' id='line_1_59' title="bbox 168 1853 1000 1897; baseline 0.004 -13"><span class='ocrx_word' id='word_1_333' title='bbox 168 1854 292 1885; x_wconf 86' lang='lat' dir='ltr'><strong>malum</strong></span> <span class='ocrx_word' id='word_1_334' title='bbox 310 1855 343 1885; x_wconf 94' lang='lat' dir='ltr'>K</span> <span class='ocrx_word' id='word_1_335' title='bbox 355 1866 370 1886; x_wconf 82' lang='lat'><strong>2</strong></span> <span class='ocrx_word' id='word_1_336' title='bbox 392 1853 464 1895; x_wconf 84' lang='lat' dir='ltr'><strong>(on3</strong></span> <span class='ocrx_word' id='word_1_337' title='bbox 479 1861 573 1886; x_wconf 78' lang='lat' dir='ltr'><strong>extra</strong></span> <span class='ocrx_word' id='word_1_338' title='bbox 589 1857 725 1895; x_wconf 77' lang='lat' dir='ltr'><strong>lineam,</strong></span> <span class='ocrx_word' id='word_1_339' title='bbox 747 1857 894 1888; x_wconf 88' lang='lat' dir='ltr'><strong>continet</strong></span> <span class='ocrx_word' id='word_1_340' title='bbox 909 1855 1000 1897; x_wconf 65' lang='lat' dir='ltr'><strong>orm).</strong></span> 
     </span>
    </p>
   </div>
   <div class='ocr_carea' id='block_1_28' title="bbox 169 1933 1344 2138">
    <p class='ocr_par' dir='ltr' id='par_1_30' title="bbox 598 1933 1121 1989">
     <span class='ocr_line' id='line_1_60' title="bbox 598 1933 1121 1989; baseline -0.004 -25"><span class='ocrx_word' id='word_1_341' title='bbox 598 1943 625 1973; x_wconf 80' lang='lat'><strong>3.</strong></span> <span class='ocrx_word' id='word_1_342' title='bbox 660 1943 852 1965; x_wconf 87' lang='lat' dir='ltr'><strong>maxumum</strong></span> <span class='ocrx_word' id='word_1_343' title='bbox 879 1934 909 1964; x_wconf 92' lang='lat' dir='ltr'>R</span> <span class='ocrx_word' id='word_1_344' title='bbox 926 1933 957 1963; x_wconf 89' lang='lat' dir='ltr'><em>V</em></span> <span class='ocrx_word' id='word_1_345' title='bbox 974 1933 1004 1965; x_wconf 90' lang='lat' dir='ltr'>G</span> <span class='ocrx_word' id='word_1_346' title='bbox 1024 1933 1070 1989; x_wconf 26' lang='lat' dir='ltr'><strong>B.)</strong></span> <span class='ocrx_word' id='word_1_347' title='bbox 1108 1976 1121 1986; x_wconf 39' lang='grc' dir='ltr'><em>γ</em></span> 
     </span>
    </p>

    <p class='ocr_par' dir='ltr' id='par_1_31' title="bbox 169 1976 1344 2060">
     <span class='ocr_line' id='line_1_61' title="bbox 169 1976 1344 2060; baseline 0.003 -13"><span class='ocrx_word' id='word_1_348' title='bbox 169 2027 230 2048; x_wconf 89' lang='lat' dir='ltr'><strong>nec</strong></span> <span class='ocrx_word' id='word_1_349' title='bbox 246 2017 382 2058; x_wconf 89' lang='lat' dir='ltr'><strong>opinato</strong></span> <span class='ocrx_word' id='word_1_350' title='bbox 399 2019 429 2049; x_wconf 91' lang='lat' dir='ltr'>R</span> <span class='ocrx_word' id='word_1_351' title='bbox 446 2028 482 2059; x_wconf 90' lang='lat'><strong>17</strong></span> <span class='ocrx_word' id='word_1_352' title='bbox 523 2020 549 2050; x_wconf 91' lang='lat' dir='ltr'>B</span> <span class='ocrx_word' id='word_1_353' title='bbox 567 2030 578 2050; x_wconf 93' lang='lat'>1</span> <span class='ocrx_word' id='word_1_354' title='bbox 596 2030 611 2050; x_wconf 79' lang='lat'>2</span> <span class='ocrx_word' id='word_1_355' title='bbox 653 2020 710 2051; x_wconf 76' lang='lat' dir='ltr'><strong>Ez</strong></span> <span class='ocrx_word' id='word_1_356' title='bbox 751 1976 984 2051; x_wconf 41' lang='lat' dir='ltr'><strong>Wzaffihzuinzlr</strong></span> <span class='ocrx_word' id='word_1_357' title='bbox 1001 1976 1166 2060; x_wconf 42' lang='lat' dir='ltr'>IglglfiJ</span> <span class='ocrx_word' id='word_1_358' title='bbox 1206 2018 1236 2050; x_wconf 95' lang='lat' dir='ltr'>O</span> <span class='ocrx_word' id='word_1_359' title='bbox 1252 2029 1264 2049; x_wconf 95' lang='lat'>1</span> <span class='ocrx_word' id='word_1_360' title='bbox 1282 2029 1299 2059; x_wconf 81' lang='lat'>3</span> <span class='ocrx_word' id='word_1_361' title='bbox 1314 2019 1344 2050; x_wconf 87' lang='lat'><strong>8.</strong></span> 
     </span>
    </p>

    <p class='ocr_par' dir='ltr' id='par_1_32' title="bbox 745 2063 1085 2138">
     <span class='ocr_line' id='line_1_62' title="bbox 745 2063 1052 2104; baseline 0 -10"><span class='ocrx_word' id='word_1_362' title='bbox 745 2074 786 2095; x_wconf 90' lang='lat' dir='ltr'><strong>ne</strong></span> <span class='ocrx_word' id='word_1_363' title='bbox 803 2063 964 2104; x_wconf 88' lang='lat' dir='ltr'><strong>oppinato</strong></span> <span class='ocrx_word' id='word_1_364' title='bbox 981 2063 1010 2095; x_wconf 94' lang='lat' dir='ltr'>O</span> <span class='ocrx_word' id='word_1_365' title='bbox 1024 2071 1052 2102; x_wconf 87' lang='lat'><strong>7.</strong></span> 
     </span>
     <span class='ocr_line' id='line_1_63' title="bbox 789 2106 1085 2138; baseline -0.01 0"><span class='ocrx_word' id='word_1_366' title='bbox 789 2107 979 2138; x_wconf 89' lang='lat' dir='ltr'><strong>conditione</strong></span> <span class='ocrx_word' id='word_1_367' title='bbox 997 2107 1022 2137; x_wconf 87' lang='lat' dir='ltr'>B</span> <span class='ocrx_word' id='word_1_368' title='bbox 1041 2106 1085 2136; x_wconf 92' lang='lat' dir='ltr'><strong>K.</strong></span> 
     </span>
    </p>
   </div>
   <div class='ocr_carea' id='block_1_29' title="bbox 724 1147 1757 1191">
    <p class='ocr_par' dir='ltr' id='par_1_33' title="bbox 724 1147 1757 1191">
     <span class='ocr_line' id='line_1_64' title="bbox 724 1147 1757 1191; baseline 0.003 -12"><span class='ocrx_word' id='word_1_369' title='bbox 724 1147 814 1189; x_wconf 87' lang='lat' dir='ltr'><strong>uulgi</strong></span> <span class='ocrx_word' id='word_1_370' title='bbox 832 1148 854 1181; x_wconf 91' lang='lat' dir='ltr'>S</span> <span class='ocrx_word' id='word_1_371' title='bbox 874 1149 913 1180; x_wconf 82' lang='lat' dir='ltr'><strong>E.</strong></span> <span class='ocrx_word' id='word_1_372' title='bbox 950 1152 960 1185; x_wconf 90' lang='grc' dir='ltr'><strong>ΙΙ</strong></span> <span class='ocrx_word' id='word_1_373' title='bbox 992 1148 1255 1180; x_wconf 83' lang='lat' dir='ltr'><strong>extimescendas</strong></span> <span class='ocrx_word' id='word_1_374' title='bbox 1272 1148 1305 1179; x_wconf 91' lang='lat' dir='ltr'><strong>K</strong></span> <span class='ocrx_word' id='word_1_375' title='bbox 1321 1158 1333 1179; x_wconf 89' lang='lat'>1</span> <span class='ocrx_word' id='word_1_376' title='bbox 1382 1149 1425 1178; x_wconf 95' lang='lat' dir='ltr'>W</span> <span class='ocrx_word' id='word_1_377' title='bbox 1439 1158 1451 1179; x_wconf 94' lang='lat'>1</span> <span class='ocrx_word' id='word_1_378' title='bbox 1502 1149 1538 1180; x_wconf 85' lang='lat' dir='ltr'>M</span> <span class='ocrx_word' id='word_1_379' title='bbox 1557 1160 1567 1181; x_wconf 96' lang='lat'>1</span> <span class='ocrx_word' id='word_1_380' title='bbox 1587 1160 1603 1180; x_wconf 78' lang='lat'><em>2</em></span> <span class='ocrx_word' id='word_1_381' title='bbox 1650 1149 1681 1182; x_wconf 96' lang='lat' dir='ltr'>O</span> <span class='ocrx_word' id='word_1_382' title='bbox 1694 1160 1710 1181; x_wconf 78' lang='lat'>2</span> <span class='ocrx_word' id='word_1_383' title='bbox 1726 1160 1757 1191; x_wconf 84' lang='lat'><strong>3.</strong></span> 
     </span>
    </p>
   </div>
   <div class='ocr_carea' id='block_1_30' title="bbox 1110 1225 1758 1342">
    <p class='ocr_par' dir='ltr' id='par_1_34' title="bbox 1110 1225 1758 1342">
     <span class='ocr_line' id='line_1_65' title="bbox 1110 1225 1758 1258; baseline 0.003 -2"><span class='ocrx_word' id='word_1_384' title='bbox 1110 1225 1400 1257; x_wconf 86' lang='lat' dir='ltr'><strong>existimescendas</strong></span> <span class='ocrx_word' id='word_1_385' title='bbox 1413 1225 1444 1255; x_wconf 94' lang='lat' dir='ltr'><em>V</em></span> <span class='ocrx_word' id='word_1_386' title='bbox 1460 1225 1490 1257; x_wconf 92' lang='lat' dir='ltr'>G</span> <span class='ocrx_word' id='word_1_387' title='bbox 1507 1231 1543 1256; x_wconf 89' lang='lat' dir='ltr'><strong>at</strong></span> <span class='ocrx_word' id='word_1_388' title='bbox 1558 1237 1626 1258; x_wconf 89' lang='lat' dir='ltr'><strong>mes</strong></span> <span class='ocrx_word' id='word_1_389' title='bbox 1643 1227 1679 1257; x_wconf 86' lang='lat' dir='ltr'><strong>in</strong></span> <span class='ocrx_word' id='word_1_390' title='bbox 1696 1226 1758 1258; x_wconf 91' lang='lat' dir='ltr'><strong>mis</strong></span> 
     </span>
     <span class='ocr_line' id='line_1_66' title="bbox 1394 1303 1758 1342; baseline 0.005 -9"><span class='ocrx_word' id='word_1_391' title='bbox 1394 1303 1666 1335; x_wconf 86' lang='lat' dir='ltr'><strong>extumescendas</strong></span> <span class='ocrx_word' id='word_1_392' title='bbox 1683 1303 1714 1335; x_wconf 93' lang='lat' dir='ltr'>O</span> <span class='ocrx_word' id='word_1_393' title='bbox 1727 1310 1758 1342; x_wconf 93' lang='lat'><strong>7.</strong></span> 
     </span>
    </p>
   </div>
   <div class='ocr_carea' id='block_1_31' title="bbox 1376 1378 1760 1507">
    <p class='ocr_par' dir='ltr' id='par_1_35' title="bbox 1376 1378 1760 1507">
     <span class='ocr_line' id='line_1_67' title="bbox 1376 1378 1758 1411; baseline 0.005 -2"><span class='ocrx_word' id='word_1_394' title='bbox 1376 1378 1471 1410; x_wconf 86' lang='lat' dir='ltr'><strong>existi</strong></span> <span class='ocrx_word' id='word_1_395' title='bbox 1487 1379 1672 1411; x_wconf 88' lang='lat' dir='ltr'><strong>miscendas</strong></span> <span class='ocrx_word' id='word_1_396' title='bbox 1689 1380 1715 1410; x_wconf 94' lang='lat' dir='ltr'><strong>B</strong></span> <span class='ocrx_word' id='word_1_397' title='bbox 1729 1390 1758 1411; x_wconf 79' lang='lat'><strong>2.</strong></span> 
     </span>
     <span class='ocr_line' id='line_1_68' title="bbox 1629 1423 1760 1454; baseline 0 0"><span class='ocrx_word' id='word_1_398' title='bbox 1629 1423 1712 1454; x_wconf 85' lang='lat' dir='ltr'><strong>ratio</strong></span> <span class='ocrx_word' id='word_1_399' title='bbox 1728 1424 1760 1454; x_wconf 89' lang='lat' dir='ltr'><em>V</em></span> 
     </span>
     <span class='ocr_line' id='line_1_69' title="bbox 1395 1466 1759 1507; baseline 0.005 -12"><span class='ocrx_word' id='word_1_400' title='bbox 1395 1466 1521 1497; x_wconf 88' lang='lat' dir='ltr'><strong>ratione</strong></span> <span class='ocrx_word' id='word_1_401' title='bbox 1536 1466 1699 1507; x_wconf 66' lang='lat' dir='ltr'><strong>quaedam</strong></span> <span class='ocrx_word' id='word_1_402' title='bbox 1717 1467 1759 1497; x_wconf 91' lang='lat' dir='ltr'><strong>R.</strong></span> 
     </span>
    </p>
   </div>
   <div class='ocr_carea' id='block_1_32' title="bbox 163 1508 1760 1591">
    <p class='ocr_par' dir='ltr' id='par_1_36' title="bbox 163 1508 1760 1591">
     <span class='ocr_line' id='line_1_70' title="bbox 901 1508 1760 1551; baseline -0.001 -11"><span class='ocrx_word' id='word_1_403' title='bbox 901 1520 951 1541; x_wconf 81' lang='lat'><strong>22.</strong></span> <span class='ocrx_word' id='word_1_404' title='bbox 982 1510 1072 1551; x_wconf 92' lang='lat' dir='ltr'><strong>quod</strong></span> <span class='ocrx_word' id='word_1_405' title='bbox 1089 1520 1157 1540; x_wconf 88' lang='lat' dir='ltr'><strong>rem</strong></span> <span class='ocrx_word' id='word_1_406' title='bbox 1175 1509 1321 1540; x_wconf 83' lang='lat' dir='ltr'><strong>continet</strong></span> <span class='ocrx_word' id='word_1_407' title='bbox 1339 1509 1462 1539; x_wconf 88' lang='lat' dir='ltr'><strong>malum</strong></span> <span class='ocrx_word' id='word_1_408' title='bbox 1481 1509 1509 1540; x_wconf 95' lang='lat' dir='ltr'>L</span> <span class='ocrx_word' id='word_1_409' title='bbox 1522 1519 1540 1549; x_wconf 81' lang='lat'>3</span> <span class='ocrx_word' id='word_1_410' title='bbox 1560 1508 1653 1549; x_wconf 82' lang='lat' dir='ltr'><strong>(illud</strong></span> <span class='ocrx_word' id='word_1_411' title='bbox 1669 1511 1760 1548; x_wconf 87' lang='lat' dir='ltr'><strong>om.).</strong></span> 
     </span>
     <span class='ocr_line' id='line_1_71' title="bbox 163 1550 942 1591; baseline 0.004 -10"><span class='ocrx_word' id='word_1_412' title='bbox 163 1550 254 1591; x_wconf 90' lang='lat' dir='ltr'><strong>quod</strong></span> <span class='ocrx_word' id='word_1_413' title='bbox 270 1561 339 1581; x_wconf 89' lang='lat' dir='ltr'><strong>rem</strong></span> <span class='ocrx_word' id='word_1_414' title='bbox 355 1551 503 1583; x_wconf 89' lang='lat' dir='ltr'><strong>continet</strong></span> <span class='ocrx_word' id='word_1_415' title='bbox 519 1553 601 1583; x_wconf 89' lang='lat' dir='ltr'><strong>illud</strong></span> <span class='ocrx_word' id='word_1_416' title='bbox 619 1553 650 1584; x_wconf 95' lang='lat' dir='ltr'>O</span> <span class='ocrx_word' id='word_1_417' title='bbox 666 1564 677 1584; x_wconf 91' lang='lat'>1</span> <span class='ocrx_word' id='word_1_418' title='bbox 699 1553 836 1591; x_wconf 89' lang='lat' dir='ltr'><strong>(malum</strong></span> <span class='ocrx_word' id='word_1_419' title='bbox 853 1553 942 1591; x_wconf 86' lang='lat' dir='ltr'><strong>om.).</strong></span> 
     </span>
    </p>
   </div>
   <div class='ocr_carea' id='block_1_33' title="bbox 166 1594 1559 1672">
    <p class='ocr_par' dir='ltr' id='par_1_37' title="bbox 166 1594 1559 1672">
     <span class='ocr_line' id='line_1_72' title="bbox 168 1594 1559 1636; baseline 0.001 -13"><span class='ocrx_word' id='word_1_420' title='bbox 168 1594 253 1633; x_wconf 87' lang='lat' dir='ltr'><strong>P14</strong></span> <span class='ocrx_word' id='word_1_421' title='bbox 300 1594 330 1625; x_wconf 92' lang='lat' dir='ltr'>G</span> <span class='ocrx_word' id='word_1_422' title='bbox 378 1595 467 1626; x_wconf 80' lang='lat'>1312</span> <span class='ocrx_word' id='word_1_423' title='bbox 515 1596 576 1626; x_wconf 90' lang='lat' dir='ltr'><strong>K1</strong></span> <span class='ocrx_word' id='word_1_424' title='bbox 628 1597 656 1628; x_wconf 91' lang='lat' dir='ltr'>E</span> <span class='ocrx_word' id='word_1_425' title='bbox 675 1608 686 1628; x_wconf 76' lang='grc' dir='ltr'><em>ι</em></span> <span class='ocrx_word' id='word_1_426' title='bbox 736 1597 824 1636; x_wconf 76' lang='lat' dir='ltr'><strong>L25</strong></span> <span class='ocrx_word' id='word_1_427' title='bbox 871 1597 944 1628; x_wconf 85' lang='lat' dir='ltr'><strong>W2</strong></span> <span class='ocrx_word' id='word_1_428' title='bbox 992 1596 1053 1628; x_wconf 90' lang='lat'><strong>08</strong></span> <span class='ocrx_word' id='word_1_429' title='bbox 1100 1596 1226 1628; x_wconf 82' lang='lat' dir='ltr'><strong>Satin</strong></span> <span class='ocrx_word' id='word_1_430' title='bbox 1244 1606 1348 1636; x_wconf 79' lang='lat' dir='ltr'><strong>marg.</strong></span> <span class='ocrx_word' id='word_1_431' title='bbox 1366 1595 1559 1627; x_wconf 83' lang='lat' dir='ltr'><strong>remedium.</strong></span> 
     </span>
     <span class='ocr_line' id='line_1_73' title="bbox 166 1637 949 1672; baseline 0.004 -5"><span class='ocrx_word' id='word_1_432' title='bbox 166 1637 346 1668; x_wconf 87' lang='lat' dir='ltr'><strong>remedium</strong></span> <span class='ocrx_word' id='word_1_433' title='bbox 362 1638 443 1669; x_wconf 91' lang='lat' dir='ltr'><strong>illud</strong></span> <span class='ocrx_word' id='word_1_434' title='bbox 460 1639 607 1670; x_wconf 88' lang='lat' dir='ltr'><strong>continet</strong></span> <span class='ocrx_word' id='word_1_435' title='bbox 624 1640 748 1671; x_wconf 84' lang='lat' dir='ltr'><strong>malum</strong></span> <span class='ocrx_word' id='word_1_436' title='bbox 767 1641 796 1670; x_wconf 88' lang='lat' dir='ltr'>R</span> <span class='ocrx_word' id='word_1_437' title='bbox 810 1640 829 1672; x_wconf 89' lang='lat'><strong>6</strong></span> <span class='ocrx_word' id='word_1_438' title='bbox 876 1640 905 1671; x_wconf 91' lang='lat' dir='ltr'><strong>O</strong></span> <span class='ocrx_word' id='word_1_439' title='bbox 921 1650 949 1671; x_wconf 79' lang='lat'><strong>2.</strong></span> 
     </span>
    </p>
   </div>
   <div class='ocr_carea' id='block_1_34' title="bbox 1047 1552 1759 1594">
    <p class='ocr_par' dir='ltr' id='par_1_38' title="bbox 1047 1552 1759 1594">
     <span class='ocr_line' id='line_1_74' title="bbox 1047 1552 1759 1594; baseline 0 -10"><span class='ocrx_word' id='word_1_440' title='bbox 1047 1553 1137 1594; x_wconf 92' lang='lat' dir='ltr'><strong>quod</strong></span> <span class='ocrx_word' id='word_1_441' title='bbox 1154 1563 1223 1583; x_wconf 84' lang='lat' dir='ltr'><strong>rem</strong></span> <span class='ocrx_word' id='word_1_442' title='bbox 1240 1552 1322 1583; x_wconf 86' lang='lat' dir='ltr'><strong>illud</strong></span> <span class='ocrx_word' id='word_1_443' title='bbox 1339 1553 1486 1583; x_wconf 90' lang='lat' dir='ltr'><strong>continet</strong></span> <span class='ocrx_word' id='word_1_444' title='bbox 1502 1553 1627 1584; x_wconf 86' lang='lat' dir='ltr'><strong>malum</strong></span> <span class='ocrx_word' id='word_1_445' title='bbox 1646 1553 1676 1584; x_wconf 91' lang='lat' dir='ltr'>R</span> <span class='ocrx_word' id='word_1_446' title='bbox 1692 1564 1704 1584; x_wconf 95' lang='lat'>1</span> <span class='ocrx_word' id='word_1_447' title='bbox 1723 1562 1759 1593; x_wconf 90' lang='lat'><strong>17</strong></span> 
     </span>
    </p>
   </div>
   <div class='ocr_carea' id='block_1_35' title="bbox 765 1597 1764 1767">
    <p class='ocr_par' dir='ltr' id='par_1_39' title="bbox 765 1597 1764 1767">
     <span class='ocr_line' id='line_1_75' title="bbox 1670 1597 1762 1638; baseline 0 -10"><span class='ocrx_word' id='word_1_448' title='bbox 1670 1597 1762 1638; x_wconf 89' lang='lat' dir='ltr'><strong>quod</strong></span> 
     </span>
     <span class='ocr_line' id='line_1_76' title="bbox 765 1639 1762 1725; baseline 0 -11"><span class='ocrx_word' id='word_1_449' title='bbox 765 1683 854 1725; x_wconf 88' lang='lat' dir='ltr'><strong>quod</strong></span> <span class='ocrx_word' id='word_1_450' title='bbox 871 1694 939 1714; x_wconf 88' lang='lat' dir='ltr'><strong>rem</strong></span> <span class='ocrx_word' id='word_1_451' title='bbox 955 1683 1046 1714; x_wconf 89' lang='lat' dir='ltr'><strong>illam</strong></span> <span class='ocrx_word' id='word_1_452' title='bbox 1063 1639 1352 1713; x_wconf 49' lang='lat' dir='ltr'><strong>{ggiinrgtmn‘igllirrii</strong></span> <span class='ocrx_word' id='word_1_453' title='bbox 1368 1644 1515 1714; x_wconf 47' lang='lat' dir='ltr'><strong>{wgnnfit</strong></span> <span class='ocrx_word' id='word_1_454' title='bbox 1532 1639 1698 1723; x_wconf 47' lang='lat' dir='ltr'><strong>maltcllzlog</strong></span> <span class='ocrx_word' id='word_1_455' title='bbox 1711 1650 1762 1714; x_wconf 56' lang='grc' dir='ltr'><strong>Ξεέ</strong></span> 
     </span>
     <span class='ocr_line' id='line_1_77' title="bbox 849 1726 1764 1767; baseline 0 -10"><span class='ocrx_word' id='word_1_456' title='bbox 849 1726 940 1767; x_wconf 89' lang='lat' dir='ltr'><strong>quod</strong></span> <span class='ocrx_word' id='word_1_457' title='bbox 957 1737 991 1757; x_wconf 88' lang='lat' dir='ltr'><strong>re</strong></span> <span class='ocrx_word' id='word_1_458' title='bbox 1007 1727 1088 1757; x_wconf 87' lang='lat' dir='ltr'><strong>illud</strong></span> <span class='ocrx_word' id='word_1_459' title='bbox 1105 1726 1251 1757; x_wconf 89' lang='lat' dir='ltr'><strong>continet</strong></span> <span class='ocrx_word' id='word_1_460' title='bbox 1269 1726 1392 1756; x_wconf 89' lang='lat' dir='ltr'><strong>malum</strong></span> <span class='ocrx_word' id='word_1_461' title='bbox 1412 1726 1442 1756; x_wconf 93' lang='lat' dir='ltr'>R</span> <span class='ocrx_word' id='word_1_462' title='bbox 1457 1734 1485 1764; x_wconf 89' lang='lat'><strong>7.</strong></span> <span class='ocrx_word' id='word_1_463' title='bbox 1620 1727 1709 1767; x_wconf 92' lang='lat' dir='ltr'><strong>quod</strong></span> <span class='ocrx_word' id='word_1_464' title='bbox 1724 1728 1764 1756; x_wconf 57' lang='lat' dir='ltr'><strong>&#39;ro</strong></span> 
     </span>
    </p>
   </div>
   <div class='ocr_carea' id='block_1_36' title="bbox 1426 1770 1763 1852">
    <p class='ocr_par' dir='ltr' id='par_1_40' title="bbox 1426 1770 1763 1852">
     <span class='ocr_line' id='line_1_78' title="bbox 1558 1770 1763 1810; baseline 0.005 -10"><span class='ocrx_word' id='word_1_465' title='bbox 1558 1770 1647 1810; x_wconf 91' lang='lat' dir='ltr'><strong>quod</strong></span> <span class='ocrx_word' id='word_1_466' title='bbox 1664 1780 1763 1801; x_wconf 90' lang='lat' dir='ltr'><strong>omne</strong></span> 
     </span>
     <span class='ocr_line' id='line_1_79' title="bbox 1426 1811 1763 1852; baseline 0.006 -10"><span class='ocrx_word' id='word_1_467' title='bbox 1426 1811 1517 1852; x_wconf 89' lang='lat' dir='ltr'><strong>quod</strong></span> <span class='ocrx_word' id='word_1_468' title='bbox 1534 1822 1664 1850; x_wconf 86' lang='lat' dir='ltr'><strong>rem0n3</strong></span> <span class='ocrx_word' id='word_1_469' title='bbox 1680 1813 1763 1844; x_wconf 90' lang='lat' dir='ltr'><strong>illud</strong></span> 
     </span>
    </p>
   </div>
   <div class='ocr_carea' id='block_1_37' title="bbox 1184 1855 1762 1922">
    <p class='ocr_par' dir='ltr' id='par_1_41' title="bbox 1184 1855 1762 1922">
     <span class='ocr_line' id='line_1_80' title="bbox 1184 1855 1762 1896; baseline 0.005 -11"><span class='ocrx_word' id='word_1_470' title='bbox 1184 1855 1273 1896; x_wconf 88' lang='lat' dir='ltr'><strong>quod</strong></span> <span class='ocrx_word' id='word_1_471' title='bbox 1291 1865 1358 1886; x_wconf 87' lang='lat' dir='ltr'><strong>rem</strong></span> <span class='ocrx_word' id='word_1_472' title='bbox 1375 1856 1523 1886; x_wconf 88' lang='lat' dir='ltr'><strong>continet</strong></span> <span class='ocrx_word' id='word_1_473' title='bbox 1539 1855 1621 1887; x_wconf 87' lang='lat' dir='ltr'><strong>illud</strong></span> <span class='ocrx_word' id='word_1_474' title='bbox 1638 1857 1762 1888; x_wconf 88' lang='lat' dir='ltr'><strong>malum</strong></span> 
     </span>
     <span class='ocr_line' id='line_1_81' title="bbox 1244 1907 1261 1922; baseline 0 0"><span class='ocrx_word' id='word_1_475' title='bbox 1244 1907 1261 1922; x_wconf 91' lang='lat' dir='ltr'><em>V</em></span> 
     </span>
    </p>
   </div>
   <div class='ocr_carea' id='block_1_38' title="bbox 1141 1932 1764 2146">
    <p class='ocr_par' dir='ltr' id='par_1_42' title="bbox 1173 1932 1762 1965">
     <span class='ocr_line' id='line_1_82' title="bbox 1173 1932 1762 1965; baseline 0 -2"><span class='ocrx_word' id='word_1_476' title='bbox 1173 1932 1352 1963; x_wconf 85' lang='lat' dir='ltr'><strong>maximum</strong></span> <span class='ocrx_word' id='word_1_477' title='bbox 1371 1932 1415 1962; x_wconf 92' lang='lat' dir='ltr'><strong>K.</strong></span> <span class='ocrx_word' id='word_1_478' title='bbox 1528 1932 1708 1964; x_wconf 84' lang='lat' dir='ltr'><strong>maximum</strong></span> <span class='ocrx_word' id='word_1_479' title='bbox 1726 1932 1762 1965; x_wconf 92' lang='lat' dir='ltr'><strong>S.</strong></span> 
     </span>
    </p>

    <p class='ocr_par' dir='ltr' id='par_1_43' title="bbox 1268 1974 1761 2015">
     <span class='ocr_line' id='line_1_83' title="bbox 1268 1974 1761 2015; baseline 0.002 -10"><span class='ocrx_word' id='word_1_480' title='bbox 1268 1985 1319 2014; x_wconf 84' lang='lat'><strong>27.</strong></span> <span class='ocrx_word' id='word_1_481' title='bbox 1354 1974 1552 2015; x_wconf 83' lang='lat' dir='ltr'><strong>necopinato</strong></span> <span class='ocrx_word' id='word_1_482' title='bbox 1571 1976 1601 2006; x_wconf 92' lang='lat' dir='ltr'>R</span> <span class='ocrx_word' id='word_1_483' title='bbox 1620 1976 1648 2006; x_wconf 96' lang='lat' dir='ltr'><em>V</em></span> <span class='ocrx_word' id='word_1_484' title='bbox 1667 1977 1698 2008; x_wconf 92' lang='lat' dir='ltr'>G</span> <span class='ocrx_word' id='word_1_485' title='bbox 1716 1977 1761 2007; x_wconf 90' lang='lat' dir='ltr'><strong>K.</strong></span> 
     </span>
    </p>

    <p class='ocr_par' dir='ltr' id='par_1_44' title="bbox 1432 2019 1763 2060">
     <span class='ocr_line' id='line_1_84' title="bbox 1432 2019 1763 2060; baseline 0.006 -11"><span class='ocrx_word' id='word_1_486' title='bbox 1432 2029 1492 2049; x_wconf 91' lang='lat' dir='ltr'><strong>nec</strong></span> <span class='ocrx_word' id='word_1_487' title='bbox 1509 2019 1670 2060; x_wconf 87' lang='lat' dir='ltr'><strong>oppinato</strong></span> <span class='ocrx_word' id='word_1_488' title='bbox 1689 2020 1719 2051; x_wconf 90' lang='lat' dir='ltr'>R</span> <span class='ocrx_word' id='word_1_489' title='bbox 1734 2028 1763 2060; x_wconf 88' lang='lat'><strong>7.</strong></span> 
     </span>
    </p>

    <p class='ocr_par' dir='ltr' id='par_1_45' title="bbox 1141 2062 1764 2146">
     <span class='ocr_line' id='line_1_85' title="bbox 1141 2062 1764 2095; baseline 0.003 -2"><span class='ocrx_word' id='word_1_490' title='bbox 1141 2073 1204 2093; x_wconf 83' lang='lat' dir='ltr'><strong>om.</strong></span> <span class='ocrx_word' id='word_1_491' title='bbox 1224 2062 1251 2092; x_wconf 91' lang='lat' dir='ltr'>E</span> <span class='ocrx_word' id='word_1_492' title='bbox 1269 2072 1296 2092; x_wconf 93' lang='lat'><strong>1.</strong></span> <span class='ocrx_word' id='word_1_493' title='bbox 1438 2063 1488 2093; x_wconf 80' lang='lat'><strong>28.</strong></span> <span class='ocrx_word' id='word_1_494' title='bbox 1520 2062 1716 2094; x_wconf 90' lang='lat' dir='ltr'><strong>condicione</strong></span> <span class='ocrx_word' id='word_1_495' title='bbox 1733 2063 1764 2095; x_wconf 92' lang='lat' dir='ltr'>G</span> 
     </span>
     <span class='ocr_line' id='line_1_86' title="bbox 1176 2104 1541 2146; baseline -0.003 -10"><span class='ocrx_word' id='word_1_496' title='bbox 1176 2115 1224 2146; x_wconf 78' lang='lat'><strong>²9·</strong></span> <span class='ocrx_word' id='word_1_497' title='bbox 1261 2115 1332 2136; x_wconf 88' lang='lat' dir='ltr'><strong>esse</strong></span> <span class='ocrx_word' id='word_1_498' title='bbox 1348 2104 1452 2146; x_wconf 86' lang='lat' dir='ltr'><strong>possit</strong></span> <span class='ocrx_word' id='word_1_499' title='bbox 1470 2105 1496 2136; x_wconf 91' lang='lat' dir='ltr'><strong>B</strong></span> <span class='ocrx_word' id='word_1_500' title='bbox 1514 2116 1541 2136; x_wconf 89' lang='lat'><strong>1.</strong></span> 
     </span>
    </p>
   </div>
   <div class='ocr_carea' id='block_1_39' title="bbox 780 2183 1314 2223">
    <p class='ocr_par' dir='ltr' id='par_1_46' title="bbox 780 2183 1314 2223">
     <span class='ocr_line' id='line_1_87' title="bbox 780 2183 1314 2223; baseline -0.002 -9"><span class='ocrx_word' id='word_1_501' title='bbox 780 2194 877 2215; x_wconf 85' lang='lat' dir='ltr'><strong>carne</strong></span> <span class='ocrx_word' id='word_1_502' title='bbox 937 2183 965 2214; x_wconf 88' lang='lat' dir='ltr'><strong>E</strong></span> <span class='ocrx_word' id='word_1_503' title='bbox 984 2193 994 2214; x_wconf 86' lang='lat'>1</span> <span class='ocrx_word' id='word_1_504' title='bbox 1014 2183 1059 2213; x_wconf 86' lang='lat' dir='ltr'><strong>al.</strong></span> <span class='ocrx_word' id='word_1_505' title='bbox 1076 2186 1138 2213; x_wconf 81' lang='lat' dir='ltr'><strong>atr.</strong></span> <span class='ocrx_word' id='word_1_506' title='bbox 1158 2186 1314 2223; x_wconf 79' lang='lat' dir='ltr'><strong>superscr.</strong></span> 
     </span>
    </p>
   </div>
   <div class='ocr_carea' id='block_1_40' title="bbox 999 2288 1766 2934">
    <p class='ocr_par' dir='ltr' id='par_1_47' title="bbox 999 2288 1766 2538">
     <span class='ocr_line' id='line_1_88' title="bbox 999 2288 1766 2330; baseline -0.001 -9"><span class='ocrx_word' id='word_1_507' title='bbox 999 2300 1192 2330; x_wconf 89' lang='lat' dir='ltr'><strong>annoyance</strong></span> <span class='ocrx_word' id='word_1_508' title='bbox 1204 2289 1231 2320; x_wconf 91' lang='lat' dir='ltr'><strong>is</strong></span> <span class='ocrx_word' id='word_1_509' title='bbox 1248 2293 1305 2319; x_wconf 89' lang='lat' dir='ltr'><strong>not</strong></span> <span class='ocrx_word' id='word_1_510' title='bbox 1323 2288 1377 2319; x_wconf 84' lang='lat' dir='ltr'><strong>the</strong></span> <span class='ocrx_word' id='word_1_511' title='bbox 1395 2288 1623 2329; x_wconf 79' lang='lat' dir='ltr'><strong>necopinatum</strong></span> <span class='ocrx_word' id='word_1_512' title='bbox 1637 2289 1695 2320; x_wconf 90' lang='lat' dir='ltr'><strong>but</strong></span> <span class='ocrx_word' id='word_1_513' title='bbox 1709 2289 1766 2320; x_wconf 89' lang='lat' dir='ltr'><strong>the</strong></span> 
     </span>
     <span class='ocr_line' id='line_1_89' title="bbox 1000 2332 1765 2374; baseline 0 -10"><span class='ocrx_word' id='word_1_514' title='bbox 1000 2333 1166 2374; x_wconf 85' lang='lat' dir='ltr'><strong>supposed</strong></span> <span class='ocrx_word' id='word_1_515' title='bbox 1202 2332 1393 2373; x_wconf 86' lang='lat' dir='ltr'><strong>magnitude</strong></span> <span class='ocrx_word' id='word_1_516' title='bbox 1425 2332 1462 2362; x_wconf 89' lang='lat' dir='ltr'><strong>of</strong></span> <span class='ocrx_word' id='word_1_517' title='bbox 1488 2332 1544 2362; x_wconf 91' lang='lat' dir='ltr'><strong>the</strong></span> <span class='ocrx_word' id='word_1_518' title='bbox 1576 2332 1650 2363; x_wconf 90' lang='lat' dir='ltr'><strong>evil.</strong></span> <span class='ocrx_word' id='word_1_519' title='bbox 1692 2333 1765 2364; x_wconf 92' lang='lat' dir='ltr'><strong>The</strong></span> 
     </span>
     <span class='ocr_line' id='line_1_90' title="bbox 1001 2375 1765 2417; baseline 0 -10"><span class='ocrx_word' id='word_1_520' title='bbox 1001 2377 1064 2408; x_wconf 88' lang='lat' dir='ltr'><strong>evil</strong></span> <span class='ocrx_word' id='word_1_521' title='bbox 1082 2377 1108 2407; x_wconf 88' lang='lat' dir='ltr'><strong>is</strong></span> <span class='ocrx_word' id='word_1_522' title='bbox 1126 2375 1293 2417; x_wconf 86' lang='lat' dir='ltr'><strong>supposed</strong></span> <span class='ocrx_word' id='word_1_523' title='bbox 1310 2380 1344 2406; x_wconf 91' lang='lat' dir='ltr'><strong>to</strong></span> <span class='ocrx_word' id='word_1_524' title='bbox 1366 2375 1407 2406; x_wconf 91' lang='lat' dir='ltr'><strong>be</strong></span> <span class='ocrx_word' id='word_1_525' title='bbox 1423 2380 1552 2416; x_wconf 86' lang='lat' dir='ltr'><strong>greater</strong></span> <span class='ocrx_word' id='word_1_526' title='bbox 1568 2375 1678 2406; x_wconf 86' lang='lat' dir='ltr'><strong>where</strong></span> <span class='ocrx_word' id='word_1_527' title='bbox 1694 2375 1717 2407; x_wconf 87' lang='lat' dir='ltr'><strong>it</strong></span> <span class='ocrx_word' id='word_1_528' title='bbox 1737 2376 1765 2407; x_wconf 91' lang='lat' dir='ltr'><strong>is</strong></span> 
     </span>
     <span class='ocr_line' id='line_1_91' title="bbox 1000 2418 1766 2460; baseline 0.001 -10"><span class='ocrx_word' id='word_1_529' title='bbox 1000 2421 1241 2460; x_wconf 79' lang='lat' dir='ltr'><strong>necopinatum,</strong></span> <span class='ocrx_word' id='word_1_530' title='bbox 1258 2419 1316 2449; x_wconf 88' lang='lat' dir='ltr'><strong>but</strong></span> <span class='ocrx_word' id='word_1_531' title='bbox 1332 2418 1399 2449; x_wconf 85' lang='lat' dir='ltr'><strong>this</strong></span> <span class='ocrx_word' id='word_1_532' title='bbox 1415 2418 1441 2449; x_wconf 88' lang='lat' dir='ltr'><strong>is</strong></span> <span class='ocrx_word' id='word_1_533' title='bbox 1458 2424 1515 2449; x_wconf 83' lang='lat' dir='ltr'><strong>not</strong></span> <span class='ocrx_word' id='word_1_534' title='bbox 1530 2418 1584 2449; x_wconf 90' lang='lat' dir='ltr'><strong>the</strong></span> <span class='ocrx_word' id='word_1_535' title='bbox 1601 2419 1679 2458; x_wconf 89' lang='lat' dir='ltr'><strong>only</strong></span> <span class='ocrx_word' id='word_1_536' title='bbox 1691 2429 1766 2451; x_wconf 87' lang='lat' dir='ltr'><strong>case</strong></span> 
     </span>
     <span class='ocr_line' id='line_1_92' title="bbox 1000 2461 1765 2494; baseline -0.001 0"><span class='ocrx_word' id='word_1_537' title='bbox 1000 2463 1033 2494; x_wconf 93' lang='lat' dir='ltr'><strong>in</strong></span> <span class='ocrx_word' id='word_1_538' title='bbox 1059 2463 1165 2494; x_wconf 87' lang='lat' dir='ltr'><strong>which</strong></span> <span class='ocrx_word' id='word_1_539' title='bbox 1190 2463 1245 2494; x_wconf 90' lang='lat' dir='ltr'><strong>the</strong></span> <span class='ocrx_word' id='word_1_540' title='bbox 1267 2461 1470 2493; x_wconf 87' lang='lat' dir='ltr'><strong>dimensions</strong></span> <span class='ocrx_word' id='word_1_541' title='bbox 1494 2461 1530 2492; x_wconf 85' lang='lat' dir='ltr'><strong>of</strong></span> <span class='ocrx_word' id='word_1_542' title='bbox 1553 2471 1595 2492; x_wconf 88' lang='lat' dir='ltr'><strong>an</strong></span> <span class='ocrx_word' id='word_1_543' title='bbox 1619 2462 1683 2493; x_wconf 92' lang='lat' dir='ltr'><strong>evil</strong></span> <span class='ocrx_word' id='word_1_544' title='bbox 1710 2473 1765 2493; x_wconf 90' lang='lat' dir='ltr'><strong>are</strong></span> 
     </span>
     <span class='ocr_line' id='line_1_93' title="bbox 1001 2505 1283 2538; baseline -0.007 -1"><span class='ocrx_word' id='word_1_545' title='bbox 1001 2505 1283 2538; x_wconf 87' lang='lat' dir='ltr'><strong>over-estimated.</strong></span> 
     </span>
    </p>

    <p class='ocr_par' dir='ltr' id='par_1_48' title="bbox 1043 2547 1397 2589">
     <span class='ocr_line' id='line_1_94' title="bbox 1043 2547 1397 2589; baseline -0.008 -9"><span class='ocrx_word' id='word_1_546' title='bbox 1043 2551 1119 2580; x_wconf 86' lang='lat' dir='ltr'><strong>illi:</strong></span> <span class='ocrx_word' id='word_1_547' title='bbox 1143 2559 1189 2580; x_wconf 88' lang='lat' dir='ltr'><strong>sc.</strong></span> <span class='ocrx_word' id='word_1_548' title='bbox 1212 2547 1397 2589; x_wconf 82' lang='lat' dir='ltr'><strong>Cyrenaici.</strong></span> 
     </span>
    </p>

    <p class='ocr_par' dir='ltr' id='par_1_49' title="bbox 1002 2593 1405 2676">
     <span class='ocr_line' id='line_1_95' title="bbox 1044 2593 1405 2630; baseline -0.003 -7"><span class='ocrx_word' id='word_1_549' title='bbox 1044 2595 1166 2630; x_wconf 78' lang='lat' dir='ltr'><strong>itaque</strong></span> <span class='ocrx_word' id='word_1_550' title='bbox 1182 2593 1405 2623; x_wconf 83' lang='lat' dir='ltr'><strong>dicuntur...:</strong></span> 
     </span>
     <span class='ocr_line' id='line_1_96' title="bbox 1002 2633 1361 2676; baseline -0.006 -9"><span class='ocrx_word' id='word_1_551' title='bbox 1002 2637 1138 2667; x_wconf 71' lang='lat' dir='ltr'><strong>Hermes</strong></span> <span class='ocrx_word' id='word_1_552' title='bbox 1155 2643 1218 2666; x_wconf 81' lang='lat' dir='ltr'><strong>XLI</strong></span> <span class='ocrx_word' id='word_1_553' title='bbox 1236 2646 1268 2676; x_wconf 90' lang='lat' dir='ltr'><strong>p.</strong></span> <span class='ocrx_word' id='word_1_554' title='bbox 1287 2633 1361 2675; x_wconf 82' lang='lat'><strong>326.</strong></span> 
     </span>
    </p>

    <p class='ocr_par' dir='ltr' id='par_1_50' title="bbox 1002 2677 1765 2763">
     <span class='ocr_line' id='line_1_97' title="bbox 1045 2677 1765 2715; baseline -0.003 -5"><span class='ocrx_word' id='word_1_555' title='bbox 1045 2679 1156 2710; x_wconf 89' lang='lat' dir='ltr'><strong>XXV.</strong></span> <span class='ocrx_word' id='word_1_556' title='bbox 1187 2680 1405 2709; x_wconf 84' lang='lat' dir='ltr'><strong>carneades:</strong></span> <span class='ocrx_word' id='word_1_557' title='bbox 1430 2677 1547 2715; x_wconf 89' lang='lat' dir='ltr'><strong>Zeller,</strong></span> <span class='ocrx_word' id='word_1_558' title='bbox 1567 2677 1680 2713; x_wconf 83' lang='lat' dir='ltr'><strong>Stoics,</strong></span> <span class='ocrx_word' id='word_1_559' title='bbox 1701 2683 1765 2709; x_wconf 85' lang='lat' dir='ltr'><strong>etc.</strong></span> 
     </span>
     <span class='ocr_line' id='line_1_98' title="bbox 1002 2721 1339 2763; baseline -0.009 -10"><span class='ocrx_word' id='word_1_560' title='bbox 1002 2730 1099 2753; x_wconf 80' lang='lat' dir='ltr'><strong>xxm</strong></span> <span class='ocrx_word' id='word_1_561' title='bbox 1117 2732 1174 2763; x_wconf 90' lang='lat' dir='ltr'><strong>pp.</strong></span> <span class='ocrx_word' id='word_1_562' title='bbox 1194 2721 1255 2761; x_wconf 91' lang='lat'><strong>506</strong></span> <span class='ocrx_word' id='word_1_563' title='bbox 1268 2721 1339 2752; x_wconf 89' lang='lat' dir='ltr'><strong>foll.</strong></span> 
     </span>
    </p>

    <p class='ocr_par' dir='ltr' id='par_1_51' title="bbox 1002 2763 1765 2934">
     <span class='ocr_line' id='line_1_99' title="bbox 1044 2763 1765 2796; baseline -0.001 0"><span class='ocrx_word' id='word_1_564' title='bbox 1044 2768 1216 2796; x_wconf 78' lang='lat' dir='ltr'><strong>nostrum.</strong></span> <span class='ocrx_word' id='word_1_565' title='bbox 1225 2790 1230 2796; x_wconf 93' lang='lat'><strong>.</strong></span> <span class='ocrx_word' id='word_1_566' title='bbox 1239 2766 1459 2796; x_wconf 63' lang='lat' dir='ltr'><strong>Antiochum</strong></span> <span class='ocrx_word' id='word_1_567' title='bbox 1471 2775 1477 2794; x_wconf 78' lang='grc' dir='ltr'><strong><em>ε</em></strong></span> <span class='ocrx_word' id='word_1_568' title='bbox 1507 2763 1616 2794; x_wconf 87' lang='lat' dir='ltr'><strong>When</strong></span> <span class='ocrx_word' id='word_1_569' title='bbox 1647 2763 1765 2795; x_wconf 87' lang='lat' dir='ltr'><strong>Cicero</strong></span> 
     </span>
     <span class='ocr_line' id='line_1_100' title="bbox 1002 2806 1765 2839; baseline -0.003 0"><span class='ocrx_word' id='word_1_570' title='bbox 1002 2809 1173 2839; x_wconf 84' lang='lat' dir='ltr'><strong>withdrew</strong></span> <span class='ocrx_word' id='word_1_571' title='bbox 1190 2814 1224 2839; x_wconf 88' lang='lat' dir='ltr'><strong>to</strong></span> <span class='ocrx_word' id='word_1_572' title='bbox 1240 2808 1369 2838; x_wconf 88' lang='lat' dir='ltr'><strong>Athens</strong></span> <span class='ocrx_word' id='word_1_573' title='bbox 1385 2807 1450 2837; x_wconf 81' lang='lat' dir='ltr'><strong>and</strong></span> <span class='ocrx_word' id='word_1_574' title='bbox 1467 2806 1523 2838; x_wconf 89' lang='lat' dir='ltr'><strong>the</strong></span> <span class='ocrx_word' id='word_1_575' title='bbox 1541 2807 1620 2837; x_wconf 89' lang='lat' dir='ltr'><strong>East</strong></span> <span class='ocrx_word' id='word_1_576' title='bbox 1633 2806 1682 2837; x_wconf 84' lang='lat' dir='ltr'><strong>for</strong></span> <span class='ocrx_word' id='word_1_577' title='bbox 1698 2812 1765 2838; x_wconf 90' lang='lat' dir='ltr'><strong>two</strong></span> 
     </span>
     <span class='ocr_line' id='line_1_101' title="bbox 1002 2849 1765 2893; baseline -0.001 -11"><span class='ocrx_word' id='word_1_578' title='bbox 1002 2863 1106 2893; x_wconf 83' lang='lat' dir='ltr'><strong>years,</strong></span> <span class='ocrx_word' id='word_1_579' title='bbox 1144 2850 1376 2891; x_wconf 88' lang='lat' dir='ltr'><strong>commencing</strong></span> <span class='ocrx_word' id='word_1_580' title='bbox 1414 2849 1494 2880; x_wconf 86' lang='lat' dir='ltr'><strong>with</strong></span> <span class='ocrx_word' id='word_1_581' title='bbox 1535 2858 1574 2890; x_wconf 89' lang='lat'><strong>79</strong></span> <span class='ocrx_word' id='word_1_582' title='bbox 1606 2857 1684 2888; x_wconf 82' lang='lat' dir='ltr'><strong>B.C.,</strong></span> <span class='ocrx_word' id='word_1_583' title='bbox 1723 2850 1765 2881; x_wconf 89' lang='lat' dir='ltr'><strong>he</strong></span> 
     </span>
     <span class='ocr_line' id='line_1_102' title="bbox 1002 2892 1765 2934; baseline -0.004 -8"><span class='ocrx_word' id='word_1_584' title='bbox 1002 2895 1160 2926; x_wconf 90' lang='lat' dir='ltr'><strong>attended</strong></span> <span class='ocrx_word' id='word_1_585' title='bbox 1189 2895 1245 2925; x_wconf 85' lang='lat' dir='ltr'><strong>the</strong></span> <span class='ocrx_word' id='word_1_586' title='bbox 1272 2894 1412 2925; x_wconf 85' lang='lat' dir='ltr'><strong>lectures</strong></span> <span class='ocrx_word' id='word_1_587' title='bbox 1442 2892 1480 2924; x_wconf 87' lang='lat' dir='ltr'><strong>of</strong></span> <span class='ocrx_word' id='word_1_588' title='bbox 1506 2892 1636 2924; x_wconf 83' lang='lat' dir='ltr'><strong>various</strong></span> <span class='ocrx_word' id='word_1_589' title='bbox 1657 2892 1765 2934; x_wconf 90' lang='lat' dir='ltr'><strong>philo-</strong></span> 
     </span>
    </p>
   </div>
   <div class='ocr_carea' id='block_1_41' title="bbox 1428 2591 1766 2623">
    <p class='ocr_par' dir='ltr' id='par_1_52' title="bbox 1428 2591 1766 2623">
     <span class='ocr_line' id='line_1_103' title="bbox 1428 2591 1766 2623; baseline 0.003 -1"><span class='ocrx_word' id='word_1_590' title='bbox 1428 2601 1483 2622; x_wconf 88' lang='lat' dir='ltr'><strong>see</strong></span> <span class='ocrx_word' id='word_1_591' title='bbox 1501 2591 1550 2621; x_wconf 90' lang='lat' dir='ltr'><strong>M.</strong></span> <span class='ocrx_word' id='word_1_592' title='bbox 1571 2591 1715 2623; x_wconf 90' lang='lat' dir='ltr'><strong>Pohlenz</strong></span> <span class='ocrx_word' id='word_1_593' title='bbox 1732 2591 1766 2623; x_wconf 89' lang='lat' dir='ltr'><strong>in</strong></span> 
     </span>
    </p>
   </div>
  </div>
 </body>
</html>
