1913 3132
161 77 257 120 ..7,
286 78 355 133 14]
693 79 889 120 LIBER
926 78 1236 130 QVARTVS
1687 98 1768 139 119

161 193 271 235 tudo
292 200 370 243 est,
387 207 526 247 eaque
548 193 812 234 adficiuntur
828 193 871 234 in
891 193 1018 234 malis
1034 195 1226 248 opinatis
1249 196 1509 250 animosque
1526 197 1767 241 demittunt

101 269 141 303 35
161 269 204 304 et
226 263 492 304 contrahunt
514 263 671 303 rationi
694 276 781 303 non
805 262 1175 316 obtemperantes,
1227 265 1376 318 itaque
1397 265 1505 306 haec
1528 267 1670 320 prima
1691 268 1765 309 de-

161 330 302 372 finitio
328 338 405 380 est,
428 338 477 372 ut
502 331 734 385 aegritudo
767 332 823 372 sit
857 332 992 372 animi
1026 332 1288 374 adversante
1318 335 1486 375 ratione
1512 337 1766 378 contractio.

161 400 221 441 sic
244 406 453 454 quattuor
476 399 829 454 perturbationes
848 408 961 447 sunt,
979 407 1066 442 tres
1088 403 1376 451 constantiae,
1394 405 1604 456 quoniam
1628 406 1767 459 aegri-

160 470 302 511 tudini
325 470 446 510 nulla
467 471 718 510 constantia
740 472 991 523 opponitur.

246 539 353 580 VII.
398 538 486 580 Sed
510 552 664 579 omnes
688 539 1039 591 perturbationes
1061 540 1222 582 iudicio
1245 548 1426 583 censent
1456 542 1547 583 fieri
1577 549 1620 583 et
1641 544 1766 597 opin-

161 608 270 649 ione.
313 607 463 660 itaque
498 620 573 647 eas
607 606 825 648 definiunt
862 609 1064 661 pressius,
1100 615 1147 649 ut
1179 609 1464 663 intellegatur
1505 625 1593 651 non
1631 613 1766 652 modo

159 690 293 730 quam
315 677 512 725 uitiosae,
529 677 606 716 sed
629 676 762 717 etiam
786 691 919 730 quam
944 678 985 717 in
1010 684 1159 718 nostra
1182 679 1268 719 sint
1292 686 1525 733 potestate.
1568 688 1634 721 est
1657 694 1764 734 ergo

159 745 438 799 aegritudo
466 745 617 798 opinio
640 759 791 786 recens
815 747 917 786 mali
942 748 1196 799 praesentis,
1219 749 1262 788 in
1285 763 1374 802 quo
1396 749 1570 790 demitti
1594 756 1764 790 contra—

121 824 139 859 5
158 815 291 868 hique
320 815 470 856 animo
499 820 667 855 rectum
701 828 797 855 esse
832 815 1045 866 uideatur,
1071 816 1276 857 laetitia
1306 818 1458 871 opinio
1484 833 1634 860 recens
1660 820 1764 860 boni

158 884 413 937 praesentis,
445 883 488 923 in
521 897 610 936 quo
641 883 792 923 ecferri
826 891 993 924 rectum
1032 899 1127 926 esse
1164 885 1379 935 uideatur,
1413 895 1581 929 metus
1614 889 1765 942 opinio

159 952 441 1007 inpendentis
463 952 580 1002 mali,
603 954 722 1006 quod
754 953 1031 994 intolerabile
1057 969 1153 996 esse
1179 956 1393 1005 uideatur,
1421 957 1586 998 libido
1613 958 1765 1011 opinio

224 1062 277 1092 34.
310 1060 388 1093 eaq3
405 1051 435 1083 O
452 1061 480 1092 7.
607 1061 646 1082 ea
662 1061 726 1094 que²
744 1052 773 1082 E
788 1062 817 1083 1.
945 1062 983 1083 ea
999 1062 1084 1093 quae
1101 1052 1143 1084 G.

158 1128 260 1178 B1-3
307 1129 399 1160 K12
448 1127 470 1160 S
518 1128 575 1159 Ez
624 1127 729 1159 L2-6
775 1128 843 1159 W1

159 1216 198 1237 ea
213 1180 233 1247 ἔ
251 1205 294 1236 W
307 1216 337 1237 2.
384 1216 447 1237 om.
467 1205 511 1236 D.

158 1248 344 1280 afficiuntur
360 1249 386 1280 B
405 1248 441 1281 S.

1270 1054 1554 1095 eaquaR1616
1599 1055 1630 1085 V
1676 1055 1765 1095 P14

895 1129 991 1159 M12
1039 1129 1147 1171 CHJ
1195 1130 1475 1171 01-38ed.H.
1595 1106 1763 1174 eallqu.

1306 1207 1505 1240 adficiuntur
1524 1209 1553 1240 R
1572 1209 1602 1239 V
1620 1209 1651 1240 G
1670 1209 1701 1240 K
1721 1209 1763 1240 E.

1145 1256 1414 1292 optemperantes
1432 1252 1458 1282 B
1474 1263 1500 1283 1.
1550 1256 1561 1289 ΙΙ
1615 1252 1765 1283 definitio

899 1297 929 1317 ut
943 1292 1079 1324 gaudium
1093 1292 1226 1319 uoluntas
1240 1293 1335 1319 cautio

732 1216 835 1246 eaque
852 1216 932 1236 corr.
954 1206 1094 1237 Bakius.
1196 1210 1206 1243 ΙΙ

563 1259 615 1289 35.
650 1249 919 1290 obtemperantes
936 1249 966 1281 G
985 1250 1030 1280 K.

159 1326 190 1358 G
208 1326 253 1357 K.
431 1325 575 1357 difinitio
591 1326 632 1356 V.
813 1335 865 1366 37.
899 1331 964 1358 tres
981 1328 1166 1370 constantie
1182 1328 1213 1357 V
1229 1333 1294 1359 atr.
1314 1329 1425 1359 uiridi
1439 1334 1598 1370 superscr.

224 1370 305 1400 VII.
343 1380 371 1401 2.
403 1368 613 1410 intellegatur
633 1369 663 1399 R
680 1369 711 1398 V
729 1369 760 1400 G
777 1370 804 1399 B
823 1369 868 1400 K.
918 1377 922 1380 '
1120 1382 1150 1411 3.
1184 1382 1263 1413 ergo
1281 1373 1310 1402 R
1328 1372 1402 1403 VG
1448 1373 1475 1403 B
1497 1383 1508 1404 1
1525 1383 1542 1404 2
1587 1374 1606 1415 J
1653 1373 1684 1405 O
1703 1383 1714 1404 1
1733 1374 1764 1405 8.

157 1421 238 1489 grglgo
255 1447 283 1477 E
302 1457 328 1477 1.
536 1420 574 1486 og
594 1445 635 1476 W
652 1456 668 1476 2
715 1446 746 1477 O
760 1455 790 1486 7.
994 1447 1092 1488 igitur
1110 1448 1153 1477 W
1171 1458 1181 1478 1
1233 1448 1263 1480 O
1276 1459 1306 1489 3.
1482 1460 1512 1489 5.
1537 1450 1649 1482 animo
1666 1451 1692 1481 B
1711 1462 1738 1482 1.
1754 1454 1765 1487 ΙΙ

157 1490 285 1522 laetitia
291 1515 367 1521 ......
374 1489 583 1521 intolerabile
600 1499 670 1520 esse
687 1489 818 1521 uidetur
832 1500 848 1520 e
864 1494 1014 1521 contextu
1030 1502 1090 1523 om.
1113 1491 1143 1522 G
1158 1493 1195 1522 in
1213 1503 1316 1532 marg.
1337 1492 1492 1534 z'nfirz'ore
1507 1494 1582 1525 add.
1596 1495 1655 1525 alt.
1670 1505 1763 1525 man.

159 1567 190 1600 6.
224 1566 338 1599 ecferri
356 1567 387 1597 R
404 1566 446 1598 G.
606 1566 716 1597 etferri
735 1567 776 1597 E.

159 1609 264 1642 efferri
296 1611 399 1650 Bx-3
446 1610 510 1641 Kz
560 1610 582 1641 S
629 1610 733 1641 W12

158 1654 371 1696 inpendentis
388 1653 428 1684 E.

540 1705 558 1721 V

158 1731 273 1763 lubido
290 1730 322 1761 K
338 1741 350 1761 1
368 1735 405 1761 at
419 1730 513 1771 infra
529 1730 634 1761 libido
649 1735 714 1761 alr.
734 1731 831 1771 myro
846 1736 1004 1772 superscr.

158 1786 224 1806 ras.
244 1778 323 1805 mut.
458 1773 564 1805 libido
580 1774 610 1804 V
630 1775 666 1805 P.

158 1862 225 1894 qua
234 1862 290 1883 are
299 1862 378 1893 very
390 1851 590 1882 commonin
608 1858 686 1881 MSS.
714 1850 765 1882 Cf.
783 1850 927 1882 variants

157 1896 192 1927 in
208 1895 242 1926 iv
260 1905 310 1936 13,
331 1904 366 1935 31
389 1893 436 1935 (ea
450 1904 534 1935 quae
547 1894 597 1925 for
611 1893 722 1935 eoque)
739 1906 748 1933 3
770 1894 802 1925 iv
823 1896 871 1930 18,
885 1905 923 1935 41

158 1939 293 1970 omnino
309 1948 454 1980 quaeque
468 1937 518 1969 for
533 1938 730 1978 omninoque
745 1949 835 1979 quae.

201 1983 399 2020 aegritudo.
408 2007 413 2013 .
422 1982 628 2012 contractio
640 1990 647 2010 :
666 1981 751 2012 Dav.
763 1981 854 2022 gives
870 1981 926 2013 the

160 2025 271 2058 Greek
280 2025 453 2056 definition
469 2024 553 2055 from
571 2025 744 2062 Stobaeus,
760 2025 831 2056 Ecl.
846 2025 925 2056 Eth.

160 2069 183 2100 ii
197 2079 249 2111 90,
268 2079 306 2108 14
318 2068 372 2100 W.
389 2069 494 2105 λύπην
509 2067 537 2098 δ’
551 2068 631 2098 εἶναι
644 2069 806 2105 συστολὴν
820 2070 928 2108 ψυχῆς

162 2113 279 2150 ἀπειθῆ
313 2111 413 2151 λόγῳ,
445 2121 535 2152 upon
574 2111 682 2142 which
720 2111 834 2142 follow
872 2112 928 2143 the

161 2156 270 2186 words
293 2156 394 2186 αἴτιον
420 2153 446 2185 δ’
475 2155 571 2192 αὐτῆς
597 2156 634 2186 τὸ
662 2155 804 2193 δοξάζειν
829 2156 927 2194 πρόσ-

162 2203 266 2239 φατον
305 2198 402 2229 κακὸν
442 2198 599 2238 παρεῖναι,
639 2198 691 2237 ἐφ’
732 2196 757 2237 ᾦ
795 2200 928 2237 καθήκει

162 2243 409 2279 συστέλλεσθαι,
426 2241 534 2272 which
547 2251 639 2272 serve
650 2246 685 2272 to
695 2241 856 2273 illustrate
872 2242 928 2273 the

161 2285 343 2326 beginning
366 2284 404 2316 of
422 2294 449 2315 c.
479 2292 509 2323 7.
547 2284 648 2325 Diog.
667 2285 707 2316 L.
724 2285 768 2316 vii
790 2296 845 2317 111
865 2286 930 2316 and

162 2328 377 2360 Andronicus
394 2327 545 2358 Rhodius
562 2329 633 2368 περὶ
650 2329 761 2359 παθῶν
783 2339 816 2370 p.
841 2337 902 2369 523
920 2337 931 2359 1

162 2383 196 2414 p.
217 2382 251 2403 11
278 2369 485 2410 (Kreuttner)
510 2381 698 2411 pronounce
721 2374 808 2410 λύπη
832 2378 866 2403 to
891 2373 932 2404 be

163 2415 307 2453 συστολὴ
323 2415 452 2453 ἄλογος.
480 2413 533 2446 Cf.
550 2414 560 2444 i
581 2423 630 2454 37,
646 2425 688 2456 90
701 2426 733 2445 n.
751 2426 794 2446 on
816 2415 931 2446 ‘animi

162 2456 376 2495 contractio';
401 2457 436 2488 iii
454 2467 505 2497 34,
526 2458 566 2497 83
579 2468 612 2488 n.
633 2468 675 2488 on
695 2459 930 2490 ‘contractiun-

165 2503 264 2534 cula.'

206 2545 446 2576 constantiae:
472 2544 648 2579 εὐπάθειαι,
667 2545 706 2576 cf.
729 2544 759 2580 6,
782 2555 818 2576 12
836 2556 869 2576 n.
888 2556 931 2576 on

161 2589 330 2630 βούλησιν.

206 2632 289 2662 VII.
320 2632 472 2661 iudicio:
496 2630 614 2668 Zeller,
639 2631 752 2669 Stoics,
772 2636 841 2668 etc„
859 2642 886 2663 c.
907 2640 931 2663 X

164 2685 220 2717 pp.
242 2675 304 2706 228
317 2674 385 2705 foll.
402 2684 408 2709 3
433 2673 469 2704 iii
484 2683 532 2713 13,
553 2675 593 2705 28
610 2684 642 2705 n.
663 2685 706 2705 on
721 2677 728 2690 ‘
740 2674 930 2715 opinionem

163 2718 244 2749 mali
259 2717 498 2758 aegritudinem
515 2727 585 2748 esse
600 2717 739 2748 natura)

207 2763 373 2799 pressius,
403 2763 514 2791 ‘more
537 2760 691 2800 exactly.'
722 2761 748 2791 F
752 2761 794 2791 in.
817 2761 850 2792 iv
877 2772 926 2800 10,

166 2815 228 2844 243
252 2804 312 2835 Ac.
334 2803 355 2834 ii
373 2813 404 2844 9,
425 2813 464 2845 29
480 2803 546 2834 and
564 2803 678 2835 Reid’s
693 2814 726 2834 n.

207 2850 263 2879 est
273 2855 357 2884 ergo
373 2849 569 2884 aegritudo.
579 2871 583 2877 .
593 2857 617 2878 ,ε
635 2857 688 2878 see
701 2858 734 2878 n.
751 2858 795 2879 on
809 2848 927 2889 ‘aegri-

163 2891 255 2922 tudo.
264 2890 471 2922 ..contractio
479 2889 487 2903 ³
503 2890 621 2921 above.

932 1567 993 1610 hec
1010 1567 1086 1599 ferri
1103 1568 1144 1599 V.

780 1610 797 1651 J
846 1610 876 1642 O
890 1618 905 1648 7
921 1612 952 1641 8.

493 1656 504 1690 Η
565 1653 680 1684 lubido
696 1653 749 1684 lzz'c
764 1659 792 1684 et
808 1654 903 1694 infra
921 1655 946 1685 B
964 1665 991 1685 1.

1281 1534 1328 1600 hei:
1341 1569 1416 1600 ferri
1434 1570 1467 1600 K
1483 1575 1549 1601 atr.
1567 1571 1663 1611 nzgrro
1679 1576 1764 1602 mut.

1264 1621 1294 1653 7.
1328 1613 1551 1654 impendentis
1584 1615 1613 1645 R
1630 1615 1661 1644 V
1678 1615 1708 1646 G
1727 1615 1762 1647 S.

1133 1655 1249 1687 lubido
1266 1656 1296 1688 G
1313 1661 1348 1687 at
1364 1667 1385 1687 u
1402 1657 1439 1687 z‘n
1455 1657 1465 1687 i
1483 1662 1566 1688 mut.
1585 1659 1652 1688 ead.
1670 1669 1761 1689 man.

1185 1733 1290 1764 libido
1307 1734 1361 1764 hic
1375 1738 1407 1764 et
1422 1734 1516 1775 infra
1535 1735 1564 1765 R
1580 1746 1591 1766 1
1612 1740 1646 1766 at
1663 1735 1672 1766 i
1689 1746 1728 1766 ex
1744 1746 1765 1766 u

1038 1853 1077 1882 in
1093 1856 1343 1890 quo...rectum
1355 1862 1432 1885 esse
1447 1856 1631 1886 uideatur:
1657 1855 1691 1887 iii
1715 1866 1767 1896 31,

998 1894 1037 1935 76
1050 1906 1082 1926 n.
1101 1907 1144 1926 on
1164 1898 1172 1912 ‘
1184 1896 1392 1938 Chrysippus
1407 1903 1527 1929 autem.
1537 1898 1544 1911 '

1038 1941 1204 1971 laetitia:
1234 1940 1272 1971 cf.
1303 1941 1526 1980 Andronicus,
1557 1943 1628 1982 περὶ
1656 1944 1768 1973 παθῶν

998 1990 1009 2012 1
1027 1993 1058 2023 p.
1084 1993 1117 2014 11
1139 1982 1390 2026 (Kreuttnerlp.
1408 1995 1469 2026 523
1486 1985 1583 2023 ἡδονὴ
1601 1985 1634 2016 δὲ
1651 1985 1769 2025 ἄλογος

997 2027 1140 2066 ἔπαρσις,
1162 2026 1182 2064 ἢ
1199 2028 1275 2065 δόξα
1293 2029 1482 2068 πρόσφατος
1503 2030 1630 2068 ἀγαθοῦ
1651 2042 1767 2068 παρου-

997 2071 1078 2107 σίας,
1099 2071 1151 2109 ἐφ’
1166 2068 1191 2110 ᾧ
1207 2072 1327 2102 οἴονται
1345 2073 1410 2102 δεῖν
1426 2072 1625 2112 ἐπαίρεσθαι.

1040 2115 1172 2145 metus:
1191 2114 1414 2153 Andronicus,
1423 2116 1476 2145 l.c.
1495 2117 1595 2155 φόβος
1607 2118 1639 2147 δέ
1653 2118 1770 2156 ἄλογος

997 2157 1146 2193 ἔκκλισις,
1191 2158 1211 2196 ἢ
1251 2158 1341 2197 φυγὴ
1390 2159 1454 2189 ἀπὸ
1504 2162 1770 2199 προσδοκωμένου

999 2200 1113 2230 δεινοῦ·
1147 2201 1322 2240 Stobaeus,
1344 2202 1416 2233 Ecl.
1437 2202 1514 2233 Eth.
1535 2212 1561 2234 11
1581 2213 1632 2244 90,
1657 2215 1691 2235 11
1713 2204 1768 2234 W.

1003 2243 1105 2281 φόβον
1124 2243 1151 2274 δ’
1169 2245 1247 2275 εἶναι
1264 2246 1406 2276 ἔκκλισιν
1419 2247 1536 2284 ἀπειθῆ
1552 2248 1650 2286 λόγῳ,
1668 2248 1769 2278 αἴτιον

1003 2285 1029 2316 δ’
1047 2288 1145 2318 αὐτοῦ
1161 2288 1198 2318 τὸ
1216 2289 1355 2326 δοξάζειν
1373 2290 1469 2320 κακὸν
1487 2291 1697 2330 ἐπιφέρεσθαι
1713 2292 1770 2328 τῆς

1001 2330 1090 2368 δόξης
1108 2331 1145 2360 τὸ
1162 2330 1322 2369 κινητικὸν
1340 2333 1531 2371 πρόσφατον
1553 2336 1690 2372 ἐχούσης
1712 2335 1768 2364 τοῦ

1001 2373 1099 2404 ὅντως
1115 2373 1193 2405 αὐτὸ
1210 2376 1346 2413 φευκτὸν
1361 2377 1453 2406 εἶναι.

1043 2418 1169 2448 libido:
1211 2419 1433 2455 Andronicus,
1466 2420 1517 2450 l.c.
1551 2421 1702 2458 ἐπιθυμία
1734 2421 1768 2451 δέ

1001 2459 1120 2499 ἄλογος
1157 2460 1266 2500 ὄρεξις,
1302 2463 1322 2500 ἢ
1364 2463 1463 2501 δίωξις
1502 2464 1768 2503 προσδοκωμένου

1001 2503 1134 2542 ἀγαθοῦ.

1045 2546 1099 2578 On
1123 2548 1316 2589 comparing
1339 2548 1459 2587 Galen,
1491 2549 1598 2591 Hipp.
1623 2556 1654 2582 et
1680 2551 1764 2583 Plat.

1000 2589 1033 2620 iv
1060 2601 1092 2631 p.
1127 2592 1200 2631 366,
1230 2591 1339 2623 where
1371 2592 1576 2634 Chrysippus
1603 2593 1630 2625 is
1658 2605 1766 2635 repre-

999 2634 1114 2665 sented
1131 2645 1166 2665 as
1182 2634 1356 2676 departing
1371 2635 1455 2666 from
1472 2636 1527 2667 the
1548 2636 1632 2667 view
1655 2638 1692 2669 of
1712 2638 1768 2669 the

1001 2678 1144 2715 παλαιοί,
1165 2677 1224 2715 τὴν
1240 2680 1344 2716 λύπην
1362 2679 1538 2718 ὁριζόμενος
1562 2680 1653 2717 δόξαν
1669 2682 1766 2721 πρόσ-

1000 2724 1103 2758 φατον
1142 2723 1239 2751 κακοῦ
1277 2723 1460 2761 παρουσίας,
1495 2723 1550 2754 τὸν
1590 2724 1623 2754 δὲ
1663 2725 1766 2763 φόβον

1000 2764 1194 2802 προσδοκίαν
1227 2766 1334 2800 κακοῦ,
1367 2766 1424 2802 τὴν
1457 2764 1485 2796 δ’
1520 2767 1634 2804 ἡδονὴν
1673 2769 1765 2805 δόξαν

998 2807 1187 2845 πρόσφατον
1207 2808 1332 2846 ἀγαθοῦ
1353 2810 1539 2848 παρουσίας,
1558 2820 1608 2841 we
1624 2821 1677 2842 see
1695 2811 1766 2843 that

997 2849 1041 2879 all
1063 2850 1119 2881 the
1143 2849 1332 2882 definitions
1354 2851 1452 2892 given
1479 2852 1557 2884 here
1581 2853 1625 2895 by
1648 2854 1766 2887 Cicero

996 2902 1051 2923 are
1068 2892 1304 2935 Chrysippean.
