1913 3132
117 359 160 382 20

177 87 260 127 218
404 87 966 129 TVSCVLANARVM
991 88 1566 130 DISPVTATIONVM

1651 89 1706 144 [7.
1736 93 1785 132 18

176 207 305 249 esset,
336 201 420 242 hoc
452 201 641 254 probato
673 215 950 254 consequens
981 215 1079 242 esse
1110 202 1288 242 beatam
1322 202 1461 241 uitam
1495 203 1659 242 uirtute
1689 215 1787 242 esse

177 275 447 320 contentam,
462 277 506 310 et
528 284 616 323 quo
639 269 775 310 modo
796 270 880 310 hoc
902 270 958 310 sit
980 283 1258 322 consequens
1280 270 1354 318 illi,
1372 271 1434 310 sic
1456 270 1563 311 illud
1588 271 1700 319 huic,
1721 277 1782 319 ut,

179 339 213 378 si
246 338 378 379 beata
404 340 495 380 uita
526 341 690 380 uirtute
718 346 930 380 contenta
961 340 1029 388 sit,
1057 340 1139 380 nisi
1168 339 1405 380 honestum
1436 341 1556 393 quod
1586 341 1654 390 sit,
1676 341 1787 380 nihil

116 409 133 433 “
180 407 299 448 aliud
337 409 392 448 sit
426 408 605 449 bonum.
659 409 724 450 19.
759 410 835 449 sed
873 415 1022 449 tamen
1061 422 1150 448 non
1193 415 1332 461 agunt
1373 409 1454 458 sic;
1500 423 1602 449 nam
1646 417 1690 450 et
1730 409 1787 449 de

119 703 159 738 25

121 1052 163 1085 30

181 476 371 517 honesto
403 484 446 518 et
479 479 534 518 de
563 491 738 518 summo
766 477 885 517 bono
914 478 1151 530 separatim
1179 477 1277 517 libri
1305 484 1419 527 sunt,
1452 484 1497 518 et
1525 492 1625 518 curn
1649 491 1707 518 ex
1734 491 1788 518 eo

180 547 393 587 efficiatur
414 548 521 602 satis
546 561 754 600 magnam
778 547 820 587 in
849 547 1012 587 uirtute
1040 547 1096 587 ad
1126 546 1257 587 beate
1284 546 1525 587 uiuendum
1555 560 1651 588 esse
1680 546 1784 596 uim,

181 615 319 655 nihilo
349 616 495 656 minus
524 616 608 655 hoc
636 622 775 668 agunt
808 616 1061 668 separatim.
1098 615 1286 668 propriis
1315 615 1433 655 enim
1463 622 1507 656 et
1535 616 1625 655 suis
1657 629 1786 668 argu—

181 685 342 725 mentis
387 692 431 726 et
474 684 853 725 admonitionibus
900 684 1133 725 tractanda
1176 698 1379 738 quaeque
1425 699 1492 725 res
1538 693 1618 734 est,
1660 691 1787 725 tanta

181 754 449 806 praesertim.
492 767 600 794 caue
620 755 739 794 enim
763 760 893 806 putes
915 753 1051 793 ullam
1081 754 1125 793 in
1155 753 1438 807 philosophia
1469 767 1626 794 uocem
1655 754 1786 794 emis-

181 837 273 863 sam
313 823 538 864 clariorem
582 824 779 864 ullumue
821 837 916 863 esse
961 822 1268 876 philosophiae
1305 823 1572 876 promissum
1609 823 1786 863 uberius

181 899 257 933 aut
287 894 440 933 maius.
492 906 596 932 nam
620 892 726 945 quid
751 891 1005 945 profitetur?
1037 905 1064 931 o
1086 892 1130 932 di
1154 891 1277 932 boni!
1311 891 1604 944 perfecturam
1632 905 1690 941 se,
1712 892 1788 944 qui

182 962 350 1015 legibus
373 963 462 1002 suis
485 963 714 1015 paruisset,
736 968 783 1002 ut
806 968 922 1002 esset
944 968 1098 1002 contra
1125 962 1349 1001 fortunam
1379 975 1554 1015 semper
1575 968 1787 1007 armatus,

182 1038 230 1071 ut
252 1032 402 1072 omnia
425 1032 645 1085 praesidia
667 1032 849 1071 haberet
872 1031 915 1070 in
939 1044 984 1071 se
1006 1030 1119 1072 bene
1149 1030 1367 1083 beateque
1388 1030 1580 1079 uiuendi,
1602 1037 1650 1070 ut
1672 1036 1789 1070 esset

182 1114 355 1154 semper
386 1101 577 1154 denique
609 1101 775 1141 beatus
823 1101 891 1142 20.
932 1100 1009 1140 sed
1039 1101 1193 1140 uidero
1224 1100 1329 1153 quid
1359 1099 1538 1150 efficiat3
1569 1100 1789 1153 tantisper

181 1171 263 1210 hoc
290 1171 434 1223 ipsum
459 1171 607 1223 magni
634 1171 823 1210 aestimo
845 1169 964 1223 quod
988 1170 1234 1223 pollicetur.
1277 1183 1379 1210 nam
1408 1169 1584 1210 Xerxes
1606 1168 1785 1223 quidem

414 1305 473 1325 ulta

251 1335 297 1365 18.
329 1335 548 1366 beatauirtute
564 1334 594 1365 V
641 1334 668 1364 B
685 1344 713 1365 1.
813 1334 910 1365 beata
926 1334 1052 1365 uitaute
1070 1334 1098 1364 E
1116 1344 1144 1364 1.

185 1387 233 1419 19.
280 1384 469 1409 contentam
503 1379 618 1409 R210
662 1378 692 1407 V
711 1378 736 1408 P
754 1377 783 1409 G
831 1378 885 1408 B1
936 1378 964 1408 E
982 1388 994 1408 1
1045 1377 1075 1409 O
1094 1388 1120 1408 1.

181 1415 362 1452 contpatam
381 1421 448 1462 (sic)
468 1422 497 1451 R
515 1421 560 1453 16.
635 1431 684 1452 20.
713 1427 869 1452 contenta
888 1421 917 1451 R
930 1431 946 1451 2
962 1431 1002 1452 10
1036 1420 1067 1451 G
1103 1421 1133 1453 O
1150 1431 1176 1451 1.

245 1466 262 1503 ξ
277 1468 327 1500 19,
347 1476 398 1504 ²4·
431 1464 535 1495 nihilo
551 1464 658 1495 minus
674 1464 715 1494 V.
874 1464 988 1495 nichlo
1005 1464 1112 1495 minus
1130 1465 1166 1494 P.
1330 1463 1571 1503 nihilhominus
1589 1464 1618 1494 R
1634 1464 1699 1494 eod.
1718 1468 1785 1494 atr.

681 1518 731 1547 ²5·
779 1507 1060 1538 admonitionibus
1093 1508 1133 1538 R.
1320 1507 1615 1538 ammonitionibus
1645 1508 1671 1537 B
1688 1517 1701 1537 1
1750 1507 1784 1539 S.

615 1551 910 1582 ammonitionibus
925 1552 953 1582 E
968 1562 994 1582 1.
1112 1550 1370 1582 amonitionibus
1386 1550 1428 1581 G.
1553 1550 1604 1582 26.
1634 1551 1736 1581 ullam
1753 1550 1787 1581 in

1714 1601 1731 1618 a

540 1629 634 1659 Κ12
682 1628 704 1660 S
752 1628 843 1659 E12
889 1628 993 1658 W12
1042 1628 1144 1659 M12
1191 1627 1349 1668 DCIIJ
1397 1627 1516 1667 01—3.
1583 1626 1785 1667 ullaminV

492 1672 592 1703 ullam
610 1683 629 1702 a
646 1671 689 1702 G.
852 1671 953 1702 ullam
970 1670 1069 1712 ph’ye
1086 1671 1117 1703 O
1133 1681 1160 1711 7.
1326 1680 1374 1710 27.
1410 1671 1520 1701 ullaue
1537 1670 1567 1702 G
1585 1671 1622 1701 in
1638 1671 1786 1701 ullumne

541 1717 593 1747 28.
626 1715 857 1747 diiRVPG
906 1715 1007 1756 131-3,
1053 1715 1115 1745 K1
1166 1714 1188 1746 S
1236 1714 1293 1745 E1
1341 1714 1359 1755 J
1406 1714 1477 1753 O7.

931 1766 948 1782 n

861 1792 948 1832 magi
981 1792 1012 1823 G
1043 1792 1100 1822 alt.
1133 1802 1223 1822 man.
1251 1796 1409 1832 superscr.

898 1836 1016 1866 estimo
1035 1835 1072 1865 P.

1235 1334 1332 1365 beata
1344 1333 1464 1364 uirtute
1482 1334 1513 1364 R
1530 1333 1561 1365 G
1607 1334 1662 1364 132
1711 1333 1744 1364 K
1759 1344 1787 1364 1.

1347 1382 1570 1418 contemptam
1604 1377 1634 1407 R
1649 1387 1661 1408 1
1711 1377 1786 1408 K1.

1245 1426 1437 1461 contempta
1456 1421 1485 1451 R
1503 1430 1513 1451 1
1536 1419 1573 1451 16
1609 1421 1642 1451 K
1657 1430 1668 1451 1
1710 1420 1738 1450 E
1755 1430 1782 1451 1.

181 1508 417 1539 nihilhominus
449 1508 492 1538 G.

181 1551 439 1582 amonitionibus
456 1551 497 1582 V.

182 1628 212 1659 R
230 1639 241 1659 1
261 1637 276 1667 7
315 1629 340 1658 P
387 1629 414 1659 B
431 1639 489 1670 1—3

180 1676 245 1702 atr.
261 1677 330 1703 ant.

180 1716 239 1746 alt.
259 1726 350 1746 man.
367 1727 449 1747 corr.

246 1793 262 1830 ξ
293 1795 342 1830 20,
375 1802 426 1832 3²·
473 1792 585 1833 magni
612 1792 642 1821 V
660 1792 697 1822 P.

181 1841 329 1866 aestumo
347 1836 377 1866 R
394 1836 424 1866 V
441 1835 483 1867 G.
573 1841 701 1867 estumo
719 1835 746 1866 B
764 1835 808 1866 K.

1544 1791 1632 1832 magi
1664 1792 1694 1822 R
1712 1791 1756 1821 K.
1775 1793 1787 1827 u

223 1963 290 1993 sit:
323 1963 380 1993 the
414 1963 541 2003 change
573 1962 656 1993 from
695 1961 876 2002 secondary
910 1967 945 1992 to

180 2006 324 2047 primary
340 2016 502 2046 sequence
523 2006 550 2036 is
571 2006 634 2036 due
656 2005 818 2047 probably
835 2012 869 2036 to
889 2005 945 2036 the

181 2048 245 2080 fact
270 2049 341 2080 that
369 2049 402 2079 in
431 2049 487 2080 the
514 2049 650 2080 writer’s
675 2049 767 2079 mind
787 2049 845 2078 cuz'
864 2051 946 2079 salis

180 2097 258 2123 esset
273 2093 460 2133 respondere
468 2103 534 2124 was
551 2092 744 2133 practically
756 2092 944 2133 equivalent

181 2141 216 2167 to
230 2137 289 2176 qui
302 2136 508 2176 respondebit.

223 2180 240 2217 ξ
257 2183 305 2210 19.
317 2181 419 2210 libri:
437 2179 512 2210 thus
526 2179 730 2220 Chrysippus
742 2184 844 2209 wrote
862 2179 944 2209 both

181 2223 252 2262 περὶ
291 2223 409 2262 ἀρετῶν
453 2222 565 2263 (Diog.
607 2222 645 2253 L.
685 2222 729 2252 vii
769 2222 840 2261 127)
881 2222 946 2252 and

182 2267 253 2305 περὶ
281 2267 412 2305 ἀγαθῶν
442 2266 540 2305 (Plut.
568 2265 616 2297 St.
646 2276 714 2306 rep.
742 2276 774 2306 p.
802 2266 883 2304 1048
895 2264 944 2303 A),

181 2309 360 2341 Cleanthes
397 2309 479 2340 both
518 2310 590 2349 περὶ
628 2310 733 2339 καλῶν
771 2309 837 2339 and
876 2310 947 2348 περὶ

182 2354 301 2392 ἀρετῶν
319 2352 433 2393 (Diog.
454 2353 491 2383 L.
512 2353 556 2383 vii
578 2354 660 2391 175).

224 2404 267 2426 ex
281 2404 332 2432 eo,
352 2397 407 2427 the
423 2396 563 2436 identity
576 2396 613 2426 of
626 2396 791 2426 honestum
808 2395 873 2426 and
891 2395 946 2425 the

180 2450 347 2470 summum
365 2440 493 2475 bonum.
512 2439 620 2470 which
636 2439 662 2469 is
682 2439 806 2480 proved
831 2439 875 2478 by
891 2438 947 2469 the

182 2483 291 2514 Stoies
306 2483 340 2513 in
357 2488 422 2513 two
439 2488 588 2524 separate
605 2482 689 2513 lines
705 2482 743 2512 of
758 2488 942 2522 argument.

223 2529 298 2561 hoc,
313 2526 368 2557 the
379 2526 566 2566 sufficiency
577 2526 614 2557 of
625 2526 730 2556 virtue
743 2531 778 2556 to
795 2530 946 2566 promote

180 2569 369 2610 happiness,
384 2570 492 2601 which
510 2569 636 2609 though
651 2569 805 2610 virtually
821 2569 946 2610 proved

181 2613 213 2643 in
232 2615 287 2644 the
306 2613 487 2644 discussion
507 2624 550 2644 on
573 2613 738 2644 honestum
761 2612 825 2642 and
848 2611 945 2652 again

181 2656 213 2687 in
232 2656 302 2687 that
322 2667 365 2687 on
388 2657 444 2687 the
465 2667 634 2687 summum
655 2656 776 2686 bonum
799 2655 827 2686 is
849 2656 946 2685 made

181 2699 238 2730 the
254 2700 379 2740 subject
396 2700 433 2731 of
445 2711 463 2730 a
479 2705 628 2740 separate
644 2702 786 2730 treatise.

224 2744 460 2780 propriis...et
482 2746 578 2774 suis:
607 2742 647 2773 cf.
671 2743 681 2773 i
703 2753 754 2785 29,
779 2752 819 2782 70
840 2745 847 2757 ⁴
861 2752 946 2782 quae

182 2792 230 2817 est
255 2787 285 2816 ei
311 2787 453 2817 natura?
483 2786 627 2827 propria,
655 2791 748 2827 puto,
781 2792 811 2817 et
843 2785 945 2822 sua’3

183 2829 239 2860 Or.
255 2830 277 2860 ii
294 2841 342 2867 10,
357 2839 397 2871 39
416 2830 612 2871 ‘adsumpto
628 2830 761 2860 aliunde
777 2828 824 2859 uti
841 2829 942 2866 bono,

182 2883 248 2903 non
264 2874 399 2913 proprio
415 2883 475 2904 nec
492 2873 574 2903 suo.'

224 2917 540 2953 paruisset...esset
556 2928 563 2947 :
602 2916 652 2947 for
683 2915 866 2955 secondary
896 2925 943 2946 se-

1014 1971 1142 2003 quence
1158 1960 1350 2001 depending
1371 1971 1460 2002 upon
1485 1971 1503 1990 a
1524 1960 1670 2001 pn'mary
1694 1964 1786 1991 tense

1016 2003 1219 2046 (profilelur)
1237 2003 1279 2035 cf.
1297 2004 1331 2035 iii
1349 2013 1398 2043 15,
1420 2013 1456 2043 32
1472 2014 1506 2034 11.
1525 2014 1568 2034 on
1586 2004 1738 2034 uenisset.

1058 2050 1133 2086 §20.
1162 2049 1306 2078 uidero:
1325 2046 1365 2078 cf.
1385 2047 1395 2077 i
1417 2057 1466 2082 11,
1487 2057 1524 2087 23
1538 2058 1571 2077 11.
1590 2057 1632 2077 011
1650 2047 1783 2077 uiderit.

1057 2099 1141 2122 nam
1156 2094 1287 2122 Xerxes
1303 2092 1444 2128 quidem
1462 2103 1468 2121 :
1493 2101 1572 2120 nam
1588 2090 1666 2120 here
1682 2090 1784 2121 intro-

1014 2135 1116 2166 duces
1144 2145 1164 2164 a
1191 2135 1301 2165 clause
1327 2133 1441 2175 giving
1468 2139 1525 2164 not
1552 2144 1588 2165 so
1617 2133 1714 2164 much
1741 2144 1784 2164 an

1015 2178 1217 2209 intellectual
1230 2187 1265 2208 as
1278 2188 1319 2208 an
1335 2177 1516 2208 emotional
1529 2187 1644 2208 reason
1661 2176 1712 2207 for
1727 2176 1783 2207 the

1015 2221 1195 2262 preceding
1225 2225 1422 2252 statement:
1464 2220 1539 2251 ‘the
1572 2219 1715 2261 promise
1750 2219 1788 2250 of

1015 2265 1194 2306 happiness
1211 2265 1238 2295 is
1257 2269 1316 2295 not
1337 2269 1372 2295 to
1394 2264 1436 2295 be
1459 2263 1624 2304 despised,
1642 2263 1782 2294 because

1017 2319 1080 2339 one
1104 2308 1215 2338 would
1233 2308 1308 2348 give
1325 2318 1344 2337 a
1367 2312 1458 2348 great
1480 2307 1570 2347 price
1591 2312 1625 2337 to
1647 2306 1688 2336 be
1708 2316 1780 2346 per-

1016 2351 1142 2383 suaded
1166 2351 1188 2381 it
1215 2350 1312 2382 could
1339 2350 1381 2381 be
1408 2349 1564 2381 realized'
1588 2350 1615 2381 is
1638 2349 1782 2390 perhaps

1014 2400 1073 2425 not
1089 2406 1108 2425 a
1129 2394 1249 2435 logical
1273 2394 1332 2425 but
1351 2394 1510 2433 certainly
1529 2404 1546 2423 a
1566 2392 1780 2433 comprehen-

1015 2438 1098 2469 sible
1118 2443 1304 2470 statement.
1339 2437 1412 2468 The
1435 2436 1607 2477 following
1627 2440 1782 2467 sentence

1014 2482 1089 2512 falls
1120 2481 1190 2512 into
1222 2486 1288 2511 two
1319 2486 1408 2521 parts
1439 2480 1579 2518 (Xerxes
1606 2479 1776 2520 quidem...

1009 2525 1202 2566 praemium
1240 2524 1411 2565 proposuit
1452 2523 1517 2553 and
1563 2533 1621 2553 nos
1665 2523 1781 2553 uellem

1011 2569 1157 2608 praemio
1186 2568 1296 2598 elicere
1326 2566 1504 2607 possemus)
1544 2565 1687 2606 forming
1724 2565 1780 2596 the

1015 2616 1192 2642 statement
1224 2610 1260 2641 of
1287 2621 1307 2641 a
1337 2615 1504 2645 contrast;
1541 2609 1668 2650 quidem
1701 2606 1781 2648 (like

1014 2653 1086 2695 μὲν)
1116 2654 1226 2696 points
1251 2653 1394 2684 forward
1422 2659 1457 2684 to
1481 2652 1537 2683 the
1561 2651 1683 2683 second
1707 2657 1779 2693 part

1014 2698 1124 2728 which
1141 2697 1245 2738 might
1262 2697 1346 2728 have
1363 2695 1538 2728 contained
1555 2706 1597 2726 an
1614 2701 1722 2726 autem
1743 2705 1782 2725 or

1013 2742 1070 2771 sed
1090 2746 1124 2771 to
1147 2740 1369 2781 correspond:
1398 2739 1439 2770 cf.
1469 2739 1562 2769 Lael.
1594 2740 1624 2776 8,
1648 2737 1688 2769 26
1715 2739 1779 2768 ‘an

1015 2790 1100 2816 esset
1115 2784 1179 2814 hoc
1195 2783 1330 2825 quidem
1343 2781 1512 2824 proprium
1528 2781 1704 2818 amicitiae,
1722 2780 1780 2811 sed

1014 2828 1220 2868 antiquior...
1231 2826 1294 2857 alia
1332 2836 1430 2856 causa
1443 2834 1450 2862 ;
1462 2835 1583 2856 ...nam
1621 2823 1780 2854 utilitates

1013 2871 1159 2912 quidem.
1168 2895 1173 2900 .
1182 2869 1443 2911 percipiuntur..
1453 2869 1497 2899 ,in
1510 2867 1654 2899 amicitia
1669 2872 1778 2897 autem

1014 2914 1097 2945 nihil
1114 2914 1226 2945 fictum
1245 2911 1318 2944 est.'
