1913 3132
186 137 242 167 20
413 125 970 168 TVSCVLANARVM
995 125 1567 168 DISPVTATIONVM

1650 127 1777 181 [7-15

185 241 411 292 arbitrari;
452 242 677 295 despicere
713 248 862 283 autem
895 255 1026 282 nemo
1058 248 1205 295 potest
1240 255 1315 282 eas
1352 255 1419 282 res
1455 249 1634 295 propter
1670 255 1781 295 quas

185 310 460 364 aegritudine
489 310 616 351 adfici
650 317 820 364 potest3
855 324 913 351 ex
942 324 1030 363 quo
1061 309 1247 351 efficitur
1278 310 1434 351 fortem
1468 311 1608 351 uirum
1640 311 1780 364 aegri·

185 379 339 420 tudine
379 393 622 433 numquam
659 378 814 430 adfici;
857 392 1011 420 omnes
1046 385 1195 419 autem
1233 379 1454 432 sapientes
1489 379 1646 428 fortes;
1690 392 1778 420 non

122 467 166 491 20
184 447 303 488 cadit
325 449 457 501 igitur
478 449 521 488 in
543 448 788 501 sapientem
813 447 1054 501 aegritudo.
1096 454 1139 488 et
1165 461 1297 500 quem
1327 447 1382 488 ad
1414 448 1596 488 modum
1626 447 1780 488 oculus

183 517 470 558 conturbatus
493 530 580 557 non
604 523 670 557 est
692 516 828 569 probe
849 516 1049 556 adfectus
1071 517 1126 556 ad
1149 530 1276 556 suum
1305 530 1464 557 munus
1490 515 1780 569 fungendum,

182 592 227 626 et
257 586 450 638 reliquae
479 592 625 639 partes
654 591 856 626 totumue
886 599 1044 638 corpus
1075 591 1193 626 statu
1226 599 1324 625 cum
1358 592 1425 626 est
1454 592 1624 626 motum
1654 584 1779 625 deest

183 653 327 694 officio
369 668 448 694 suo
489 661 533 695 et
570 654 751 702 muneri,
787 654 849 693 sic
885 653 1173 694 conturbatus
1210 655 1383 694 animus
1421 668 1508 694 non
1545 660 1612 694 est
1648 659 1779 706 aptus

182 722 238 763 ad
264 722 600 775 exsequendum
632 736 791 762 munus
821 736 962 762 suum.
1009 736 1169 763 munus
1191 729 1339 763 autem
1363 724 1498 764 animi
1521 729 1588 763 θεῖ
1609 723 1780 763 ratione

119 807 161 840 25
182 791 294 832 bene
316 792 390 840 uti,
412 798 455 832 et
477 792 689 844 sapientis
718 791 892 831 animus
921 791 982 831 ita
1007 804 1182 844 semper
1210 791 1409 832 adfectus
1437 798 1504 833 est
1532 798 1581 832 ut
1610 791 1779 832 ratione

180 860 349 913 optime
381 866 552 909 utatur;
593 873 836 913 numquam
870 860 1004 912 igitur
1032 867 1099 900 θεῖ
1132 860 1424 913 perturbatus.
1471 867 1516 901 at
1548 860 1780 914 aegritudo

180 929 453 982 perturbatio
474 935 541 969 θεῖ
563 929 698 969 animi
717 943 725 979 ;
756 942 930 982 semper
952 929 1085 981 igitur
1105 943 1158 969 ea
1179 930 1354 983 sapiens
1378 930 1565 970 uacabit.

266 998 399 1039 VIII.
442 999 508 1039 16.
551 998 657 1038 Veri
689 998 823 1038 etiam
857 997 1000 1038 simile
1032 997 1138 1038 illud
1168 1004 1246 1047 est,
1275 999 1349 1051 qui
1381 999 1437 1039 sit
1468 1005 1780 1052 temperans—

179 1080 311 1119 quem
343 1066 498 1108 Graeci
528 1065 737 1121 σώφρονα
766 1066 993 1119 appellant
1024 1080 1212 1120 eamque
1245 1067 1452 1107 uirtutem
1484 1066 1780 1122 σωφροσύνην

178 1142 352 1184 uocant,
369 1149 502 1188 quam
524 1135 645 1175 soleo
667 1135 873 1187 equidem
896 1141 990 1175 tum
1010 1135 1421 1188 temperantiam,
1439 1142 1533 1176 tum
1553 1136 1779 1176 modera-

178 1205 369 1245 tionem
393 1204 629 1257 appellare,
652 1217 740 1244 non
764 1217 1008 1256 numquam
1036 1204 1170 1244 etiarn
1195 1204 1528 1255 modestiam;
1559 1205 1636 1245 sed
1658 1205 1777 1245 haud

140 1291 157 1324 5
178 1275 268 1313 scio
286 1287 341 1313 an
357 1280 474 1314 recte
497 1286 548 1313 ea
566 1273 703 1313 uirtus
720 1272 993 1325 frugalitas
1011 1273 1224 1326 appellari
1242 1273 1394 1327 possit,
1407 1275 1525 1326 quod
1549 1274 1780 1326 angustius

178 1342 296 1396 apud
316 1342 508 1383 Graecos
526 1341 656 1390 ualet,
672 1341 746 1394 qui
766 1341 878 1394 frugi
901 1341 1102 1382 homines
1124 1339 1368 1397 χρησίμους
1389 1342 1627 1396 appellant,
1646 1342 1689 1382 id
1712 1349 1780 1383 est

177 1417 353 1452 tantum
378 1410 512 1451 modo
535 1411 652 1451 utilis
671 1424 680 1460 ;
717 1417 763 1451 at
786 1409 893 1450 illud
916 1416 983 1450 est
1005 1409 1135 1450 latius
1154 1425 1161 1461 3
1193 1411 1337 1451 omnis
1359 1412 1476 1452 enim
1500 1411 1778 1459 abstinentia²

248 1524 296 1553 18.
328 1522 425 1553 adfici
445 1522 510 1562 (lzz'c
525 1527 555 1552 et
571 1521 679 1563 infra)
696 1522 727 1552 V
745 1522 772 1552 E
792 1522 834 1552 K.
895 1522 996 1553 acffici
1014 1522 1079 1560 (lzic
1094 1526 1124 1553 et
1137 1522 1216 1563 ἐπεί.)
1236 1523 1266 1553 R
1282 1523 1327 1553 al.
1343 1528 1409 1554 alr.
1427 1528 1508 1553 mut.
1569 1522 1654 1554 affici
1672 1523 1736 1561 (lzic
1752 1528 1783 1554 et

179 1565 256 1606 inf.)
277 1566 303 1596 B
322 1566 344 1597 S
362 1567 399 1597 L.
493 1565 578 1597 affici
595 1566 647 1596 lzz'c
662 1566 756 1596 habet
772 1566 803 1596 G
820 1571 855 1596 at
872 1566 908 1596 af
920 1566 958 1596 in
975 1576 1041 1596 ras.
1058 1566 1116 1596 alt.
1131 1577 1221 1596 man.
1239 1577 1300 1597 scr.
1314 1571 1344 1597 et
1357 1567 1400 1597 ad
1416 1571 1492 1597 ante
1508 1566 1545 1596 af
1555 1577 1661 1597 eraso:
1686 1566 1781 1607 z'zffra

178 1620 286 1653 adfici.
347 1631 397 1652 21.
428 1621 575 1652 adfectus
592 1621 621 1651 V
634 1621 720 1652 GK.
775 1613 924 1652 adfectus
942 1622 983 1651 R.
1035 1620 1171 1652 affectus
1185 1621 1210 1651 B
1225 1621 1248 1653 S
1261 1621 1299 1651 L.
1354 1631 1405 1660 '²4-
1436 1621 1682 1662 exsequendum
1702 1622 1727 1652 B
1740 1622 1780 1653 L.

179 1665 407 1705 exequendum
428 1665 457 1695 R
474 1665 504 1695 V
523 1665 547 1695 P
565 1664 595 1695 G
612 1665 647 1732 (lix
693 1664 723 1696 O
737 1674 765 1694 2.
857 1664 908 1696 26.
941 1665 1065 1706 optime
1083 1665 1114 1695 R
1129 1665 1159 1694 V
1176 1664 1207 1696 G
1223 1665 1249 1695 B
1268 1665 1301 1695 K
1318 1665 1346 1695 E
1365 1665 1403 1695 L.

591 1716 608 1732 u

244 1741 345 1772 VIII.
387 1742 404 1780 ἓ
420 1745 470 1780 16,
490 1752 516 1772 1.
557 1741 605 1772 illi
644 1741 675 1773 G
692 1752 781 1772 man.
798 1742 854 1773 alt.
870 1746 1026 1782 superscr.
1159 1751 1188 1772 2.
1223 1741 1486 1778 ΟΩΦΡΟΝΑ
1503 1741 1718 1783 naappellant
1735 1742 1777 1774 G.

186 1790 252 1825 ΝΑ
272 1792 309 1820 z'n
327 1801 391 1821 ras.
408 1795 436 1821 et
453 1801 495 1821 na
511 1801 601 1821 man.
619 1791 673 1821 alt.
695 1789 815 1830 consod.
930 1789 1139 1831 appellantur
1156 1790 1186 1820 R
1201 1799 1212 1819 1
1229 1789 1248 1819 6
1264 1794 1345 1829 spat.
1356 1794 1431 1829 post
1446 1789 1504 1819 rel.
1608 1791 1778 1832 appellant

181 1837 333 1874 σώφρονα
351 1836 381 1866 R
397 1845 445 1867 10.
537 1845 565 1875 3.
597 1841 666 1866 tuni
683 1835 936 1876 temperantiam
955 1836 985 1866 R
1001 1835 1031 1865 V
1049 1836 1074 1865 P
1091 1834 1121 1866 G
1170 1835 1195 1865 B
1211 1844 1268 1875 1—3
1316 1835 1349 1865 K
1395 1835 1423 1865 E
1439 1845 1450 1865 1
1467 1845 1484 1866 2
1529 1835 1572 1866 W
1587 1846 1599 1866 1
1615 1847 1631 1867 ἰ
1681 1837 1717 1867 Μ
1735 1848 1745 1867 1
1763 1847 1779 1867 2

182 1879 214 1909 D
231 1879 259 1911 C
276 1880 307 1908 Π
350 1879 369 1919 J
417 1879 447 1910 O
461 1888 477 1908 2
491 1889 508 1919 3
521 1879 539 1909 8
553 1889 580 1917 7.
671 1884 739 1908 tum
756 1879 1029 1919 temperationem
1046 1878 1076 1910 O
1092 1888 1118 1909 1.
1168 1882 1178 1914 [Ι
1225 1878 1463 1909 moderantiam
1481 1878 1511 1910 O
1527 1889 1553 1909 1.
1631 1887 1661 1919 7.
1692 1880 1784 1911 utilis

183 1921 351 1953 RVPG
398 1922 484 1953 1312
533 1922 704 1962 KELJ.
793 1921 941 1953 utilesS.

226 2029 476 2059 conturbatus:
509 2027 712 2057 conturbatio
735 2027 898 2058 oculorum
922 2026 947 2058 is

183 2071 262 2102 used
285 2071 327 2111 by
346 2069 536 2101 Scribonius
559 2070 694 2111 Largus,
712 2070 830 2110 Comp.
852 2070 942 2101 Med.

187 2124 236 2155 19,
251 2125 287 2145 as
299 2125 319 2145 a
331 2113 493 2145 technical
506 2119 587 2144 term
602 2113 651 2144 for
663 2113 901 2144 inflammation
915 2113 952 2144 of

183 2159 239 2189 the
255 2168 341 2197 eyes.

227 2202 462 2238 fungendum:
491 2200 546 2231 the
570 2199 748 2240 gerundive
773 2200 852 2230 with
876 2210 947 2240 per-

185 2245 279 2276 sonal
306 2249 426 2275 constr.
453 2244 535 2274 from
564 2248 648 2281 utor,
667 2243 782 2284 fruor,
801 2242 944 2283 fimgor,

178 2289 296 2329 potior,
320 2297 428 2318 uescor
448 2287 514 2317 and
535 2286 619 2317 their
639 2287 844 2327 compounds
864 2286 892 2317 is
915 2286 948 2317 in

186 2330 333 2363 classical
356 2340 433 2368 use;
461 2330 516 2360 the
539 2340 608 2360 acc.
633 2329 713 2360 with
738 2330 829 2360 these
853 2330 949 2361 verbs

186 2375 213 2405 is
234 2381 324 2405 ante·
347 2373 412 2404 and
433 2372 682 2414 post-classical‚
702 2378 818 2414 except
839 2372 873 2403 in
894 2373 950 2404 the

187 2428 262 2449 case
282 2416 320 2448 of
333 2417 448 2458 potior,
471 2416 521 2447 for
542 2416 650 2447 which
673 2426 726 2447 see
748 2416 758 2447 i
781 2425 832 2456 37,
858 2427 900 2459 90
916 2427 949 2447 n.

187 2472 231 2492 on
258 2461 388 2491 ‘urbem
414 2459 582 2491 nostram.'
620 2459 672 2491 Cf.
703 2469 751 2499 17,
778 2458 818 2499 36
845 2459 950 2501 ‘quod

187 2504 344 2535 utendum
376 2502 574 2544 acceperis';
611 2503 684 2534 Fin.
716 2502 725 2533 i
760 2514 787 2539 1,
818 2513 835 2543 3
867 2504 950 2533 ‘non

187 2547 334 2589 paranda
369 2546 465 2578 nobis
501 2546 607 2577 solum
643 2557 693 2583 ea,
727 2546 784 2577 sed
814 2546 951 2577 fruenda

187 2590 286 2622 etiam
301 2589 374 2621 est.’

231 2636 345 2664 statu:
372 2633 428 2664 the
444 2632 617 2673 metaphor
633 2633 659 2663 is
676 2632 731 2664 the
750 2642 840 2663 same
862 2643 897 2663 as
919 2632 951 2663 in

192 2677 248 2708 ‘de
264 2677 426 2707 sententia
442 2686 512 2707 esse
528 2675 707 2707 deiectum'
725 2676 748 2706 ii
766 2686 794 2716 5,
820 2686 856 2715 14
869 2686 903 2706 n.

232 2722 345 2750 deest:
370 2720 420 2750 sor
435 2719 490 2750 the
507 2719 647 2750 number
662 2719 699 2749 of
716 2719 771 2750 the
787 2719 953 2760 predicate

189 2763 284 2794 when
302 2768 366 2794 two
383 2773 420 2793 or
436 2773 525 2793 more
543 2763 685 2802 subjects
700 2773 755 2793 are
771 2762 952 2793 connected

188 2807 231 2846 by
242 2817 262 2836 a
272 2805 467 2846 disjunctive
480 2806 615 2847 particle
626 2816 680 2836 see
692 2806 806 2836 Madv.
817 2806 834 2843 ἓ
847 2815 907 2845 213
919 2806 951 2842 b,

188 2850 260 2881 obs.
283 2860 311 2880 1.

232 2893 304 2931 [atz
327 2891 366 2923 cf.
389 2902 408 2921 v
429 2901 476 2931 15,
498 2903 538 2932 43
551 2892 600 2930 n.]

233 2935 334 2966 VIII.
372 2936 388 2974 ξ
405 2938 455 2966 16.
488 2936 549 2972 qui
566 2937 614 2966 sit
628 2938 887 2973 temperanS...:
911 2946 953 2966 an

1015 2025 1273 2057 anacolouthon.
1319 2027 1454 2067 Having
1490 2032 1538 2059 set
1575 2028 1673 2059 down
1705 2034 1780 2060 tem-

1010 2075 1135 2109 perans
1147 2080 1182 2100 as
1196 2080 1238 2100 an
1250 2069 1438 2110 equivalent
1448 2070 1496 2101 for
1509 2070 1565 2102 the
1578 2072 1632 2103 Gk
1644 2073 1781 2112 σώφρων

1017 2113 1134 2144 Cicero
1161 2123 1277 2154 pauses
1303 2119 1337 2144 to
1359 2113 1511 2144 consider
1534 2114 1590 2146 the
1614 2115 1725 2147 fitness
1749 2116 1788 2147 of

1016 2156 1073 2187 the
1093 2156 1285 2187 translation
1304 2157 1368 2187 and
1385 2157 1543 2199 develops
1558 2169 1578 2189 a
1595 2159 1783 2199 preference

1016 2199 1066 2230 for
1072 2198 1184 2240 frugi,
1199 2199 1277 2231 with
1281 2200 1469 2241 frugalitas
1483 2212 1519 2232 as
1534 2212 1576 2232 an
1593 2203 1782 2243 equivalent

1016 2242 1067 2274 for
1083 2244 1286 2282 σωφροσύνη,
1305 2244 1370 2274 and
1387 2254 1423 2274 so
1440 2244 1525 2275 loses
1545 2245 1599 2276 the
1616 2246 1732 2277 thread
1749 2246 1788 2277 of

1017 2286 1067 2317 his
1090 2287 1324 2322 construction,
1348 2287 1456 2318 which
1477 2288 1519 2319 he
1542 2298 1687 2320 resumes
1708 2290 1741 2320 in
1763 2301 1782 2320 a

1017 2340 1090 2360 new
1106 2336 1260 2361 sentence
1276 2330 1309 2361 in
1326 2331 1343 2368 ξ
1362 2331 1397 2361 18
1415 2331 1448 2361 in
1469 2331 1525 2362 the
1542 2332 1649 2363 words
1664 2334 1726 2373 qui
1739 2334 1787 2364 sit

1006 2373 1114 2414 frugi
1135 2374 1242 2414 zgritur
1263 2374 1324 2410 uel,
1348 2374 1380 2404 sz'
1402 2375 1523 2411 mauis,
1547 2376 1732 2406 moderatus
1754 2381 1785 2407 et

1017 2421 1208 2457 temperans,
1235 2427 1308 2447 eum
1333 2428 1451 2449 necesse
1476 2423 1523 2448 est
1547 2429 1609 2449 esse
1634 2423 1782 2450 constan-

1017 2464 1139 2491 tem....
1176 2460 1203 2490 F
1207 2461 1320 2491 .A.W.
1341 2471 1511 2502 compares
1529 2461 1585 2492 the
1607 2463 1782 2494 anacolou-

1019 2503 1100 2534 thon
1116 2502 1150 2533 in
1168 2504 1254 2534 Hor.
1274 2503 1358 2545 Epp.
1380 2503 1390 2534 i
1410 2514 1458 2544 15,
1480 2514 1593 2536 1—22.

1062 2554 1375 2584 quem...eamque:
1417 2547 1534 2579 Cicero
1563 2548 1669 2589 might
1699 2549 1785 2580 have

1021 2590 1151 2620 written
1188 2591 1344 2631 cuiusque
1379 2590 1598 2630 uirtutem...;
1640 2591 1689 2622 for
1729 2592 1785 2623 the

1021 2632 1193 2664 transition
1219 2633 1305 2664 from
1332 2633 1387 2665 the
1414 2634 1549 2665 relative
1576 2641 1610 2665 to
1642 2635 1696 2666 the
1727 2636 1783 2666 de-

1021 2677 1234 2707 monstrative
1251 2676 1291 2708 cf.
1311 2688 1331 2706 v
1348 2687 1378 2717 3,
1397 2678 1415 2709 8
1429 2688 1458 2708 n.
1480 2688 1521 2708 on
1541 2678 1724 2719 ‘eumque’

1063 2722 1159 2750 haud
1173 2721 1244 2751 scio
1260 2728 1324 2751 an:
1348 2721 1389 2751 cf.
1407 2720 1429 2751 ii
1449 2729 1497 2760 17,
1515 2732 1552 2760 41
1567 2731 1599 2751 n.

1062 2765 1265 2801 frugalitas,
1286 2764 1489 2804 ‘goodness.’

1065 2808 1158 2843 quod
1177 2808 1365 2844 angustius
1388 2809 1483 2844 apud
1506 2809 1651 2838 Graecos
1673 2809 1784 2846 ualet,

1027 2851 1085 2880 ‘an
1106 2850 1180 2880 idea
1196 2850 1304 2881 which
1327 2850 1382 2881 the
1403 2850 1532 2882 Greeks
1553 2861 1684 2891 express
1706 2851 1749 2891 by
1766 2861 1784 2881 a

1022 2893 1113 2924 word
1131 2893 1167 2924 of
1179 2903 1342 2924 narrower
1358 2893 1537 2934 meaning.’
1564 2893 1667 2925 Orelli
1685 2893 1717 2924 in
1735 2894 1787 2924 his

1022 2942 1117 2968 notes
1141 2946 1183 2968 on
1208 2936 1245 2967 F.
1269 2937 1310 2967 A.
1328 2937 1453 2968 Wolf’s
1475 2937 1613 2968 lectures
1633 2937 1789 2968 observes
