<?xml version="1.0" encoding="UTF-8"?>
<!DOCTYPE html PUBLIC "-//W3C//DTD XHTML 1.0 Transitional//EN"
    "http://www.w3.org/TR/xhtml1/DTD/xhtml1-transitional.dtd">
<html xmlns="http://www.w3.org/1999/xhtml" xml:lang="en" lang="en">
 <head>
  <title>
</title>
<meta http-equiv="Content-Type" content="text/html;charset=utf-8" />
  <meta name='ocr-system' content='tesseract 3.04.00' />
  <meta name='ocr-capabilities' content='ocr_page ocr_carea ocr_par ocr_line ocrx_word'/>
</head>
<body>
  <div class='ocr_page' id='page_1' title='image "./tusculanarumdis02ciceuoft_0133.png"; bbox 0 0 1913 3132; ppageno 0'>
   <div class='ocr_carea' id='block_1_1' title="bbox 161 73 1750 131">
    <p class='ocr_par' dir='ltr' id='par_1_1' title="bbox 161 73 1750 131">
     <span class='ocr_line' id='line_1_1' title="bbox 161 73 1750 131; baseline 0.004 -18"><span class='ocrx_word' id='word_1_1' title='bbox 161 74 284 114; x_wconf 79' lang='lat'>-24.</span> <span class='ocrx_word' id='word_1_2' title='bbox 310 73 380 127; x_wconf 86' lang='lat'>58]</span> <span class='ocrx_word' id='word_1_3' title='bbox 699 74 894 115; x_wconf 81' lang='lat' dir='ltr'><em>LIBER</em></span> <span class='ocrx_word' id='word_1_4' title='bbox 933 75 1218 117; x_wconf 80' lang='lat' dir='ltr'><em>TERTIVS</em></span> <span class='ocrx_word' id='word_1_5' title='bbox 1702 89 1750 131; x_wconf 93' lang='lat'>71</span> 
     </span>
    </p>
   </div>
   <div class='ocr_carea' id='block_1_2' title="bbox 107 189 1768 648">
    <p class='ocr_par' dir='ltr' id='par_1_2' title="bbox 163 189 1768 383">
     <span class='ocr_line' id='line_1_2' title="bbox 163 189 1760 244; baseline 0.003 -14"><span class='ocrx_word' id='word_1_6' title='bbox 163 189 368 243; x_wconf 89' lang='lat' dir='ltr'>ignobilis</span> <span class='ocrx_word' id='word_1_7' title='bbox 403 191 459 231; x_wconf 92' lang='lat' dir='ltr'>ad</span> <span class='ocrx_word' id='word_1_8' title='bbox 494 205 748 244; x_wconf 87' lang='lat' dir='ltr'>supremum</span> <span class='ocrx_word' id='word_1_9' title='bbox 786 192 904 232; x_wconf 91' lang='lat' dir='ltr'>diem</span> <span class='ocrx_word' id='word_1_10' title='bbox 938 198 1239 244; x_wconf 74' lang='lat' dir='ltr'>peruenturus</span> <span class='ocrx_word' id='word_1_11' title='bbox 1292 193 1358 235; x_wconf 87' lang='lat'>58.</span> <span class='ocrx_word' id='word_1_12' title='bbox 1411 194 1611 235; x_wconf 90' lang='lat' dir='ltr'>similiter</span> <span class='ocrx_word' id='word_1_13' title='bbox 1641 209 1760 235; x_wconf 88' lang='lat' dir='ltr'>corn-</span> 
     </span>
     <span class='ocr_line' id='line_1_3' title="bbox 165 259 1768 316; baseline 0.003 -17"><span class='ocrx_word' id='word_1_14' title='bbox 165 259 461 300; x_wconf 83' lang='lat' dir='ltr'>memorandis</span> <span class='ocrx_word' id='word_1_15' title='bbox 497 260 716 313; x_wconf 87' lang='lat' dir='ltr'>exemplis</span> <span class='ocrx_word' id='word_1_16' title='bbox 753 260 966 300; x_wconf 85' lang='lat' dir='ltr'>orbitates</span> <span class='ocrx_word' id='word_1_17' title='bbox 1002 273 1180 313; x_wconf 90' lang='lat' dir='ltr'>quoque</span> <span class='ocrx_word' id='word_1_18' title='bbox 1218 261 1405 302; x_wconf 90' lang='lat' dir='ltr'>liberum</span> <span class='ocrx_word' id='word_1_19' title='bbox 1445 262 1768 316; x_wconf 80' lang='lat' dir='ltr'>praedicantur,</span> 
     </span>
     <span class='ocr_line' id='line_1_4' title="bbox 163 329 1767 383; baseline 0.002 -14"><span class='ocrx_word' id='word_1_20' title='bbox 163 342 402 382; x_wconf 89' lang='lat' dir='ltr'>eorumque</span> <span class='ocrx_word' id='word_1_21' title='bbox 427 329 502 382; x_wconf 89' lang='lat' dir='ltr'>qui</span> <span class='ocrx_word' id='word_1_22' title='bbox 524 330 702 383; x_wconf 91' lang='lat' dir='ltr'>grauius</span> <span class='ocrx_word' id='word_1_23' title='bbox 725 329 870 370; x_wconf 91' lang='lat' dir='ltr'>ferunt</span> <span class='ocrx_word' id='word_1_24' title='bbox 892 329 1036 370; x_wconf 91' lang='lat' dir='ltr'>luctus</span> <span class='ocrx_word' id='word_1_25' title='bbox 1065 329 1254 370; x_wconf 89' lang='lat' dir='ltr'>aliorum</span> <span class='ocrx_word' id='word_1_26' title='bbox 1280 331 1501 383; x_wconf 83' lang='lat' dir='ltr'>exemplis</span> <span class='ocrx_word' id='word_1_27' title='bbox 1524 332 1767 383; x_wconf 89' lang='lat' dir='ltr'>leniuntur;</span> 
     </span>
    </p>

    <p class='ocr_par' dir='ltr' id='par_1_3' title="bbox 107 398 1765 648">
     <span class='ocr_line' id='line_1_5' title="bbox 107 398 1765 452; baseline 0.003 -15"><span class='ocrx_word' id='word_1_28' title='bbox 107 413 145 437; x_wconf 90' lang='lat'>10</span> <span class='ocrx_word' id='word_1_29' title='bbox 162 398 223 438; x_wconf 90' lang='lat' dir='ltr'>sic</span> <span class='ocrx_word' id='word_1_30' title='bbox 271 399 494 451; x_wconf 87' lang='lat' dir='ltr'><strong>perpessio</strong></span> <span class='ocrx_word' id='word_1_31' title='bbox 535 405 778 440; x_wconf 91' lang='lat' dir='ltr'>ceterorum</span> <span class='ocrx_word' id='word_1_32' title='bbox 821 399 936 448; x_wconf 88' lang='lat' dir='ltr'>facit,</span> <span class='ocrx_word' id='word_1_33' title='bbox 978 405 1025 439; x_wconf 90' lang='lat' dir='ltr'>ut</span> <span class='ocrx_word' id='word_1_34' title='bbox 1070 413 1122 440; x_wconf 92' lang='lat' dir='ltr'>ea</span> <span class='ocrx_word' id='word_1_35' title='bbox 1169 413 1283 452; x_wconf 91' lang='lat' dir='ltr'>quae</span> <span class='ocrx_word' id='word_1_36' title='bbox 1332 400 1573 442; x_wconf 87' lang='lat' dir='ltr'>acciderint</span> <span class='ocrx_word' id='word_1_37' title='bbox 1624 402 1765 442; x_wconf 90' lang='lat' dir='ltr'>multo</span> 
     </span>
     <span class='ocr_line' id='line_1_6' title="bbox 163 466 1763 521; baseline 0.002 -13"><span class='ocrx_word' id='word_1_38' title='bbox 163 466 332 508; x_wconf 91' lang='lat' dir='ltr'>minora</span> <span class='ocrx_word' id='word_1_39' title='bbox 363 481 497 521; x_wconf 88' lang='lat' dir='ltr'>quam</span> <span class='ocrx_word' id='word_1_40' title='bbox 530 473 697 520; x_wconf 86' lang='lat' dir='ltr'>quanta</span> <span class='ocrx_word' id='word_1_41' title='bbox 729 468 816 507; x_wconf 92' lang='lat' dir='ltr'>sint</span> <span class='ocrx_word' id='word_1_42' title='bbox 848 467 1108 508; x_wconf 83' lang='lat' dir='ltr'>existimata</span> <span class='ocrx_word' id='word_1_43' title='bbox 1139 468 1384 510; x_wconf 89' lang='lat' dir='ltr'>uideantur.</span> <span class='ocrx_word' id='word_1_44' title='bbox 1427 470 1488 510; x_wconf 92' lang='lat' dir='ltr'>ita</span> <span class='ocrx_word' id='word_1_45' title='bbox 1520 469 1568 511; x_wconf 86' lang='lat' dir='ltr'>fit</span> <span class='ocrx_word' id='word_1_46' title='bbox 1600 471 1763 511; x_wconf 90' lang='lat' dir='ltr'>sensim</span> 
     </span>
     <span class='ocr_line' id='line_1_7' title="bbox 162 536 1765 593; baseline 0.002 -16"><span class='ocrx_word' id='word_1_47' title='bbox 162 536 457 589; x_wconf 87' lang='lat' dir='ltr'>cogitantibus</span> <span class='ocrx_word' id='word_1_48' title='bbox 491 543 548 586; x_wconf 90' lang='lat' dir='ltr'>ut,</span> <span class='ocrx_word' id='word_1_49' title='bbox 577 543 793 591; x_wconf 88' lang='lat' dir='ltr'>quantum</span> <span class='ocrx_word' id='word_1_50' title='bbox 825 537 881 577; x_wconf 92' lang='lat' dir='ltr'>sit</span> <span class='ocrx_word' id='word_1_51' title='bbox 917 537 1131 578; x_wconf 89' lang='lat' dir='ltr'>ementita</span> <span class='ocrx_word' id='word_1_52' title='bbox 1164 538 1327 591; x_wconf 89' lang='lat' dir='ltr'>opinio,</span> <span class='ocrx_word' id='word_1_53' title='bbox 1354 545 1578 592; x_wconf 88' lang='lat' dir='ltr'>appareat.</span> <span class='ocrx_word' id='word_1_54' title='bbox 1630 546 1765 593; x_wconf 88' lang='lat' dir='ltr'>atque</span> 
     </span>
     <span class='ocr_line' id='line_1_8' title="bbox 161 605 997 648; baseline 0.002 -2"><span class='ocrx_word' id='word_1_55' title='bbox 161 605 244 647; x_wconf 92' lang='lat' dir='ltr'>hoc</span> <span class='ocrx_word' id='word_1_56' title='bbox 265 607 382 647; x_wconf 91' lang='lat' dir='ltr'>idem</span> <span class='ocrx_word' id='word_1_57' title='bbox 405 613 448 648; x_wconf 93' lang='lat' dir='ltr'>et</span> <span class='ocrx_word' id='word_1_58' title='bbox 470 607 658 648; x_wconf 88' lang='lat' dir='ltr'>Telamo</span> <span class='ocrx_word' id='word_1_59' title='bbox 681 607 753 648; x_wconf 91' lang='lat' dir='ltr'>ille</span> <span class='ocrx_word' id='word_1_60' title='bbox 775 606 997 648; x_wconf 87' lang='lat' dir='ltr'>declarat:</span> 
     </span>
    </p>
   </div>
   <div class='ocr_carea' id='block_1_3' title="bbox 104 683 1428 919">
    <p class='ocr_par' dir='ltr' id='par_1_4' title="bbox 104 683 1428 919">
     <span class='ocr_line' id='line_1_9' title="bbox 248 683 886 751; baseline -0.002 -12"><span class='ocrx_word' id='word_1_61' title='bbox 248 683 361 751; x_wconf 71' lang='lat' dir='ltr'>Ego</span> <span class='ocrx_word' id='word_1_62' title='bbox 392 712 507 739; x_wconf 91' lang='lat' dir='ltr'>cum</span> <span class='ocrx_word' id='word_1_63' title='bbox 540 698 699 751; x_wconf 88' lang='lat' dir='ltr'>genui</span> <span class='ocrx_word' id='word_1_64' title='bbox 723 730 886 739; x_wconf 91' lang='grc'><strong>......</strong></span> 
     </span>
     <span class='ocr_line' id='line_1_10' title="bbox 104 785 448 841; baseline 0 -14"><span class='ocrx_word' id='word_1_65' title='bbox 104 806 140 841; x_wconf 84' lang='lat'>15</span> <span class='ocrx_word' id='word_1_66' title='bbox 159 792 203 828; x_wconf 89' lang='lat' dir='ltr'>et</span> <span class='ocrx_word' id='word_1_67' title='bbox 225 785 448 827; x_wconf 87' lang='lat' dir='ltr'>Theseus:</span> 
     </span>
     <span class='ocr_line' id='line_1_11' title="bbox 246 876 1428 919; baseline 0.001 -2"><span class='ocrx_word' id='word_1_68' title='bbox 246 877 475 919; x_wconf 77' lang='lat' dir='ltr'>Futuras</span> <span class='ocrx_word' id='word_1_69' title='bbox 508 891 709 919; x_wconf 89' lang='lat' dir='ltr'>mecum</span> <span class='ocrx_word' id='word_1_70' title='bbox 742 876 1149 918; x_wconf 80' lang='lat' dir='ltr'>commentabar</span> <span class='ocrx_word' id='word_1_71' title='bbox 1181 877 1428 918; x_wconf 83' lang='lat' dir='ltr'>miserias</span> 
     </span>
    </p>
   </div>
   <div class='ocr_carea' id='block_1_4' title="bbox 157 966 1761 1091">
    <p class='ocr_par' dir='ltr' id='par_1_5' title="bbox 157 966 1761 1091">
     <span class='ocr_line' id='line_1_12' title="bbox 159 966 1761 1021; baseline 0.001 -14"><span class='ocrx_word' id='word_1_72' title='bbox 159 972 202 1007; x_wconf 93' lang='lat' dir='ltr'>et</span> <span class='ocrx_word' id='word_1_73' title='bbox 244 966 567 1021; x_wconf 86' lang='lat' dir='ltr'>Anaxagoras:</span> <span class='ocrx_word' id='word_1_74' title='bbox 614 967 882 1009; x_wconf 88' lang='lat' dir='ltr'>‘Sciebam</span> <span class='ocrx_word' id='word_1_75' title='bbox 926 981 1004 1007; x_wconf 93' lang='lat' dir='ltr'>me</span> <span class='ocrx_word' id='word_1_76' title='bbox 1046 967 1301 1020; x_wconf 84' lang='lat' dir='ltr'>genuisse</span> <span class='ocrx_word' id='word_1_77' title='bbox 1348 967 1655 1008; x_wconf 58' lang='lat' dir='ltr'>mortalem?</span> <span class='ocrx_word' id='word_1_78' title='bbox 1716 968 1761 1008; x_wconf 93' lang='lat' dir='ltr'>hi</span> 
     </span>
     <span class='ocr_line' id='line_1_13' title="bbox 157 1036 1760 1091; baseline 0.001 -15"><span class='ocrx_word' id='word_1_79' title='bbox 157 1036 273 1077; x_wconf 91' lang='lat' dir='ltr'>enim</span> <span class='ocrx_word' id='word_1_80' title='bbox 301 1050 456 1077; x_wconf 92' lang='lat' dir='ltr'>omnes</span> <span class='ocrx_word' id='word_1_81' title='bbox 484 1037 558 1078; x_wconf 91' lang='lat' dir='ltr'>diu</span> <span class='ocrx_word' id='word_1_82' title='bbox 586 1037 833 1090; x_wconf 86' lang='lat' dir='ltr'>cogitantes</span> <span class='ocrx_word' id='word_1_83' title='bbox 859 1037 915 1078; x_wconf 91' lang='lat' dir='ltr'>de</span> <span class='ocrx_word' id='word_1_84' title='bbox 941 1036 1069 1078; x_wconf 92' lang='lat' dir='ltr'>rebus</span> <span class='ocrx_word' id='word_1_85' title='bbox 1095 1036 1301 1078; x_wconf 92' lang='lat' dir='ltr'>humanis</span> <span class='ocrx_word' id='word_1_86' title='bbox 1335 1037 1652 1091; x_wconf 87' lang='lat' dir='ltr'>intellegebant</span> <span class='ocrx_word' id='word_1_87' title='bbox 1685 1052 1760 1078; x_wconf 90' lang='lat' dir='ltr'>eas</span> 
     </span>
    </p>
   </div>
   <div class='ocr_carea' id='block_1_5' title="bbox 223 1176 1756 1244">
    <p class='ocr_par' dir='ltr' id='par_1_6' title="bbox 223 1176 1756 1244">
     <span class='ocr_line' id='line_1_14' title="bbox 223 1176 1756 1244; baseline 0 -11"><span class='ocrx_word' id='word_1_88' title='bbox 223 1210 252 1242; x_wconf 91' lang='lat'>7.</span> <span class='ocrx_word' id='word_1_89' title='bbox 283 1202 325 1233; x_wconf 87' lang='lat' dir='ltr'>ad</span> <span class='ocrx_word' id='word_1_90' title='bbox 355 1176 545 1243; x_wconf 75' lang='lat' dir='ltr'>suppremum</span> <span class='ocrx_word' id='word_1_91' title='bbox 578 1203 609 1235; x_wconf 94' lang='lat' dir='ltr'>G</span> <span class='ocrx_word' id='word_1_92' title='bbox 639 1203 698 1234; x_wconf 90' lang='lat' dir='ltr'>alt.</span> <span class='ocrx_word' id='word_1_93' title='bbox 731 1213 822 1233; x_wconf 87' lang='lat' dir='ltr'>man.</span> <span class='ocrx_word' id='word_1_94' title='bbox 853 1207 1010 1243; x_wconf 85' lang='lat' dir='ltr'>superscr.</span> <span class='ocrx_word' id='word_1_95' title='bbox 1100 1207 1133 1233; x_wconf 86' lang='lat' dir='ltr'>et</span> <span class='ocrx_word' id='word_1_96' title='bbox 1163 1206 1283 1243; x_wconf 76' lang='lat' dir='ltr'>supmsi</span> <span class='ocrx_word' id='word_1_97' title='bbox 1309 1203 1347 1235; x_wconf 92' lang='lat' dir='ltr'>E.</span> <span class='ocrx_word' id='word_1_98' title='bbox 1412 1202 1441 1234; x_wconf 73' lang='grc' dir='ltr'>δι</span> <span class='ocrx_word' id='word_1_99' title='bbox 1464 1213 1654 1244; x_wconf 90' lang='lat' dir='ltr'>supremum</span> <span class='ocrx_word' id='word_1_100' title='bbox 1680 1203 1718 1234; x_wconf 90' lang='lat' dir='ltr'>B.</span> <span class='ocrx_word' id='word_1_101' title='bbox 1744 1206 1756 1240; x_wconf 79' lang='grc' dir='ltr'>Η</span> 
     </span>
    </p>
   </div>
   <div class='ocr_carea' id='block_1_6' title="bbox 156 1242 616 1287">
    <p class='ocr_par' dir='ltr' id='par_1_7' title="bbox 156 1242 616 1287">
     <span class='ocr_line' id='line_1_15' title="bbox 156 1242 616 1287; baseline 0.002 -11"><span class='ocrx_word' id='word_1_102' title='bbox 156 1242 372 1287; x_wconf 83' lang='lat' dir='ltr'>preuenturus</span> <span class='ocrx_word' id='word_1_103' title='bbox 389 1246 420 1278; x_wconf 93' lang='lat' dir='ltr'>G</span> <span class='ocrx_word' id='word_1_104' title='bbox 435 1247 506 1277; x_wconf 85' lang='lat' dir='ltr'>ead.</span> <span class='ocrx_word' id='word_1_105' title='bbox 524 1257 616 1277; x_wconf 87' lang='lat' dir='ltr'>man.</span> 
     </span>
    </p>
   </div>
   <div class='ocr_carea' id='block_1_7' title="bbox 219 1288 1756 1331">
    <p class='ocr_par' dir='ltr' id='par_1_8' title="bbox 219 1288 1756 1331">
     <span class='ocr_line' id='line_1_16' title="bbox 219 1288 1756 1331; baseline 0 -10"><span class='ocrx_word' id='word_1_106' title='bbox 219 1289 302 1327; x_wconf 67' lang='lat'><strong>558,</strong></span> <span class='ocrx_word' id='word_1_107' title='bbox 321 1300 349 1331; x_wconf 88' lang='grc'>7.</span> <span class='ocrx_word' id='word_1_108' title='bbox 385 1289 684 1321; x_wconf 87' lang='lat' dir='ltr'>commemorandis</span> <span class='ocrx_word' id='word_1_109' title='bbox 702 1290 732 1320; x_wconf 89' lang='lat' dir='ltr'><strong>R</strong></span> <span class='ocrx_word' id='word_1_110' title='bbox 749 1289 779 1320; x_wconf 91' lang='lat' dir='ltr'>V</span> <span class='ocrx_word' id='word_1_111' title='bbox 798 1290 822 1320; x_wconf 92' lang='lat' dir='ltr'>P</span> <span class='ocrx_word' id='word_1_112' title='bbox 839 1288 882 1320; x_wconf 88' lang='lat' dir='ltr'>G.</span> <span class='ocrx_word' id='word_1_113' title='bbox 1360 1290 1391 1321; x_wconf 92' lang='lat'>8.</span> <span class='ocrx_word' id='word_1_114' title='bbox 1426 1289 1565 1321; x_wconf 89' lang='lat' dir='ltr'>liberum</span> <span class='ocrx_word' id='word_1_115' title='bbox 1585 1290 1615 1321; x_wconf 93' lang='lat' dir='ltr'><strong>R</strong></span> <span class='ocrx_word' id='word_1_116' title='bbox 1663 1290 1688 1321; x_wconf 95' lang='lat' dir='ltr'>P</span> <span class='ocrx_word' id='word_1_117' title='bbox 1703 1300 1714 1321; x_wconf 94' lang='lat'>1</span> <span class='ocrx_word' id='word_1_118' title='bbox 1736 1302 1756 1330; x_wconf 79' lang='lat'>4</span> 
     </span>
    </p>
   </div>
   <div class='ocr_carea' id='block_1_8' title="bbox 950 1288 1318 1358">
    <p class='ocr_par' dir='ltr' id='par_1_9' title="bbox 950 1288 1318 1358">
     <span class='ocr_line' id='line_1_17' title="bbox 950 1288 1276 1320; baseline 0 0"><span class='ocrx_word' id='word_1_119' title='bbox 950 1288 1214 1320; x_wconf 77' lang='lat' dir='ltr'>comemorandis</span> <span class='ocrx_word' id='word_1_120' title='bbox 1232 1289 1276 1320; x_wconf 90' lang='lat' dir='ltr'>K.</span> 
     </span>
     <span class='ocr_line' id='line_1_18' title="bbox 1288 1341 1318 1358; baseline -0.033 0"><span class='ocrx_word' id='word_1_121' title='bbox 1288 1341 1318 1358; x_wconf 73' lang='grc' dir='ltr'>ΟΥ</span> 
     </span>
    </p>
   </div>
   <div class='ocr_carea' id='block_1_9' title="bbox 156 1365 1046 1433">
    <p class='ocr_par' dir='ltr' id='par_1_10' title="bbox 156 1365 1046 1433">
     <span class='ocr_line' id='line_1_19' title="bbox 156 1365 1046 1433; baseline -0.001 -34"><span class='ocrx_word' id='word_1_122' title='bbox 156 1366 187 1399; x_wconf 93' lang='lat' dir='ltr'>G</span> <span class='ocrx_word' id='word_1_123' title='bbox 233 1366 259 1397; x_wconf 96' lang='lat' dir='ltr'>B</span> <span class='ocrx_word' id='word_1_124' title='bbox 276 1377 288 1398; x_wconf 92' lang='lat'>1</span> <span class='ocrx_word' id='word_1_125' title='bbox 307 1377 323 1398; x_wconf 86' lang='lat'>2</span> <span class='ocrx_word' id='word_1_126' title='bbox 370 1367 404 1398; x_wconf 93' lang='lat' dir='ltr'><strong>K</strong></span> <span class='ocrx_word' id='word_1_127' title='bbox 418 1377 430 1398; x_wconf 90' lang='lat'>1</span> <span class='ocrx_word' id='word_1_128' title='bbox 480 1367 510 1398; x_wconf 93' lang='lat' dir='ltr'><strong>E</strong></span> <span class='ocrx_word' id='word_1_129' title='bbox 526 1377 538 1398; x_wconf 93' lang='lat'>1</span> <span class='ocrx_word' id='word_1_130' title='bbox 557 1377 573 1398; x_wconf 83' lang='lat'><em>2</em></span> <span class='ocrx_word' id='word_1_131' title='bbox 620 1366 643 1399; x_wconf 90' lang='lat' dir='ltr'>S</span> <span class='ocrx_word' id='word_1_132' title='bbox 661 1371 696 1398; x_wconf 83' lang='lat' dir='ltr'>at</span> <span class='ocrx_word' id='word_1_133' title='bbox 711 1367 749 1398; x_wconf 82' lang='lat' dir='ltr'>z‘n</span> <span class='ocrx_word' id='word_1_134' title='bbox 767 1376 879 1433; x_wconf 73' lang='lat' dir='ltr'>marg0</span> <span class='ocrx_word' id='word_1_135' title='bbox 891 1365 1046 1398; x_wconf 72' lang='lat' dir='ltr'>liberoru-</span> 
     </span>
    </p>
   </div>
   <div class='ocr_carea' id='block_1_10' title="bbox 154 1417 706 1485">
    <p class='ocr_par' dir='ltr' id='par_1_11' title="bbox 154 1417 706 1485">
     <span class='ocr_line' id='line_1_20' title="bbox 154 1417 706 1485; baseline -0.002 -10"><span class='ocrx_word' id='word_1_136' title='bbox 154 1417 280 1485; x_wconf 49' lang='lat' dir='ltr'>libeTru</span> <span class='ocrx_word' id='word_1_137' title='bbox 297 1444 331 1475; x_wconf 90' lang='lat' dir='ltr'><strong>K</strong></span> <span class='ocrx_word' id='word_1_138' title='bbox 344 1454 361 1475; x_wconf 89' lang='grc'><strong>2</strong></span> <span class='ocrx_word' id='word_1_139' title='bbox 379 1448 444 1475; x_wconf 87' lang='lat' dir='ltr'>atr.</span> <span class='ocrx_word' id='word_1_140' title='bbox 461 1449 531 1475; x_wconf 86' lang='lat' dir='ltr'>ant.</span> <span class='ocrx_word' id='word_1_141' title='bbox 551 1448 706 1485; x_wconf 80' lang='lat' dir='ltr'>superscr.</span> 
     </span>
    </p>
   </div>
   <div class='ocr_carea' id='block_1_11' title="bbox 154 1487 1015 1726">
    <p class='ocr_par' dir='ltr' id='par_1_12' title="bbox 154 1487 582 1530">
     <span class='ocr_line' id='line_1_21' title="bbox 154 1487 582 1530; baseline -0.002 -11"><span class='ocrx_word' id='word_1_142' title='bbox 154 1493 310 1529; x_wconf 77' lang='lat' dir='ltr'>superscr.</span> <span class='ocrx_word' id='word_1_143' title='bbox 431 1487 582 1530; x_wconf 53' lang='lat' dir='ltr'>liberozg.</span> 
     </span>
    </p>

    <p class='ocr_par' dir='ltr' id='par_1_13' title="bbox 157 1529 935 1573">
     <span class='ocr_line' id='line_1_22' title="bbox 157 1529 935 1573; baseline -0.003 -11"><span class='ocrx_word' id='word_1_144' title='bbox 157 1530 242 1573; x_wconf 84' lang='lat' dir='ltr'>P23</span> <span class='ocrx_word' id='word_1_145' title='bbox 287 1531 346 1572; x_wconf 84' lang='lat' dir='ltr'>B3</span> <span class='ocrx_word' id='word_1_146' title='bbox 392 1531 463 1562; x_wconf 91' lang='lat' dir='ltr'>W1</span> <span class='ocrx_word' id='word_1_147' title='bbox 513 1531 612 1562; x_wconf 84' lang='grc' dir='ltr'><strong>ΜΙ2</strong></span> <span class='ocrx_word' id='word_1_148' title='bbox 660 1530 736 1562; x_wconf 92' lang='lat' dir='ltr'>DC</span> <span class='ocrx_word' id='word_1_149' title='bbox 784 1529 935 1570; x_wconf 77' lang='lat' dir='ltr'>O1-37.</span> 
     </span>
    </p>

    <p class='ocr_par' dir='ltr' id='par_1_14' title="bbox 155 1583 1015 1726">
     <span class='ocr_line' id='line_1_23' title="bbox 156 1583 854 1650; baseline -0.004 -11"><span class='ocrx_word' id='word_1_150' title='bbox 156 1608 187 1639; x_wconf 93' lang='lat' dir='ltr'><strong>R</strong></span> <span class='ocrx_word' id='word_1_151' title='bbox 202 1607 245 1640; x_wconf 89' lang='lat' dir='ltr'>G.</span> <span class='ocrx_word' id='word_1_152' title='bbox 393 1584 511 1641; x_wconf 62' lang='lat' dir='ltr'>mabra</span> <span class='ocrx_word' id='word_1_153' title='bbox 526 1618 627 1650; x_wconf 89' lang='lat' dir='ltr'>quam</span> <span class='ocrx_word' id='word_1_154' title='bbox 643 1608 674 1638; x_wconf 96' lang='lat' dir='ltr'>V</span> <span class='ocrx_word' id='word_1_155' title='bbox 693 1583 726 1640; x_wconf 47' lang='lat'>0⁴⁴</span> <span class='ocrx_word' id='word_1_156' title='bbox 733 1607 770 1638; x_wconf 84' lang='lat' dir='ltr'>in</span> <span class='ocrx_word' id='word_1_157' title='bbox 786 1617 854 1637; x_wconf 86' lang='lat' dir='ltr'>ras.</span> 
     </span>
     <span class='ocr_line' id='line_1_24' title="bbox 155 1683 1015 1726; baseline -0.001 -10"><span class='ocrx_word' id='word_1_158' title='bbox 155 1684 473 1717; x_wconf 89' lang='lat' dir='ltr'>RVGBKSE.</span> <span class='ocrx_word' id='word_1_159' title='bbox 560 1683 1015 1726; x_wconf 80' lang='lat' dir='ltr'>13.te1am0RVGKE.</span> 
     </span>
    </p>
   </div>
   <div class='ocr_carea' id='block_1_12' title="bbox 153 1736 839 1890">
    <p class='ocr_par' dir='ltr' id='par_1_15' title="bbox 153 1736 839 1890">
     <span class='ocr_line' id='line_1_25' title="bbox 153 1736 613 1804; baseline -0.002 -10"><span class='ocrx_word' id='word_1_160' title='bbox 153 1736 320 1794; x_wconf 82' lang='lat' dir='ltr'>thelamon</span> <span class='ocrx_word' id='word_1_161' title='bbox 330 1762 357 1793; x_wconf 94' lang='lat' dir='ltr'>B</span> <span class='ocrx_word' id='word_1_162' title='bbox 361 1761 449 1804; x_wconf 88' lang='lat' dir='ltr'>sort.</span> <span class='ocrx_word' id='word_1_163' title='bbox 467 1762 531 1794; x_wconf 84' lang='lat' dir='ltr'>eod.</span> <span class='ocrx_word' id='word_1_164' title='bbox 549 1767 613 1794; x_wconf 86' lang='lat' dir='ltr'>atr.</span> 
     </span>
     <span class='ocr_line' id='line_1_26' title="bbox 153 1805 839 1846; baseline -0.001 -9"><span class='ocrx_word' id='word_1_165' title='bbox 153 1805 469 1838; x_wconf 86' lang='lat' dir='ltr'>ettheseusVPG</span> <span class='ocrx_word' id='word_1_166' title='bbox 516 1806 605 1837; x_wconf 78' lang='lat'>1312</span> <span class='ocrx_word' id='word_1_167' title='bbox 654 1805 714 1836; x_wconf 90' lang='lat' dir='ltr'>K1</span> <span class='ocrx_word' id='word_1_168' title='bbox 764 1805 839 1846; x_wconf 79' lang='lat'>03.</span> 
     </span>
     <span class='ocr_line' id='line_1_27' title="bbox 154 1848 543 1890; baseline 0 -10"><span class='ocrx_word' id='word_1_169' title='bbox 154 1848 177 1881; x_wconf 93' lang='lat' dir='ltr'>S</span> <span class='ocrx_word' id='word_1_170' title='bbox 201 1850 240 1880; x_wconf 82' lang='lat' dir='ltr'>in</span> <span class='ocrx_word' id='word_1_171' title='bbox 263 1859 369 1890; x_wconf 81' lang='lat' dir='ltr'>marg.</span> <span class='ocrx_word' id='word_1_172' title='bbox 392 1849 543 1881; x_wconf 88' lang='lat' dir='ltr'>theseus:</span> 
     </span>
    </p>
   </div>
   <div class='ocr_carea' id='block_1_13' title="bbox 608 1442 1338 1528">
    <p class='ocr_par' dir='ltr' id='par_1_16' title="bbox 608 1442 1338 1528">
     <span class='ocr_line' id='line_1_28' title="bbox 792 1442 1334 1484; baseline -0.002 -10"><span class='ocrx_word' id='word_1_173' title='bbox 792 1442 934 1474; x_wconf 89' lang='lat' dir='ltr'>liberum</span> <span class='ocrx_word' id='word_1_174' title='bbox 952 1443 982 1475; x_wconf 93' lang='lat' dir='ltr'>O</span> <span class='ocrx_word' id='word_1_175' title='bbox 994 1444 1013 1474; x_wconf 91' lang='lat'><em>8</em></span> <span class='ocrx_word' id='word_1_176' title='bbox 1029 1443 1074 1474; x_wconf 80' lang='lat' dir='ltr'>al.</span> <span class='ocrx_word' id='word_1_177' title='bbox 1092 1448 1155 1474; x_wconf 78' lang='lat' dir='ltr'>atr.</span> <span class='ocrx_word' id='word_1_178' title='bbox 1175 1453 1334 1484; x_wconf 83' lang='lat' dir='ltr'>superscr.</span> 
     </span>
     <span class='ocr_line' id='line_1_29' title="bbox 608 1486 1338 1528; baseline 0 -10"><span class='ocrx_word' id='word_1_179' title='bbox 608 1487 638 1518; x_wconf 90' lang='lat' dir='ltr'>V</span> <span class='ocrx_word' id='word_1_180' title='bbox 656 1491 692 1518; x_wconf 82' lang='lat' dir='ltr'>at</span> <span class='ocrx_word' id='word_1_181' title='bbox 707 1495 751 1528; x_wconf 71' lang='lat'>24</span> <span class='ocrx_word' id='word_1_182' title='bbox 770 1487 807 1517; x_wconf 88' lang='lat' dir='ltr'>z&#39;n</span> <span class='ocrx_word' id='word_1_183' title='bbox 825 1497 889 1517; x_wconf 85' lang='lat' dir='ltr'>ras.</span> <span class='ocrx_word' id='word_1_184' title='bbox 910 1497 1012 1528; x_wconf 82' lang='lat' dir='ltr'>neque</span> <span class='ocrx_word' id='word_1_185' title='bbox 1026 1487 1108 1517; x_wconf 79' lang='lat' dir='ltr'>satis</span> <span class='ocrx_word' id='word_1_186' title='bbox 1119 1487 1222 1527; x_wconf 76' lang='lat' dir='ltr'>spatii</span> <span class='ocrx_word' id='word_1_187' title='bbox 1235 1486 1338 1518; x_wconf 77' lang='lat' dir='ltr'>habet.</span> 
     </span>
    </p>
   </div>
   <div class='ocr_carea' id='block_1_14' title="bbox 758 1761 1343 1845">
    <p class='ocr_par' dir='ltr' id='par_1_17' title="bbox 758 1761 1343 1845">
     <span class='ocr_line' id='line_1_30' title="bbox 758 1761 1049 1793; baseline -0.007 0"><span class='ocrx_word' id='word_1_188' title='bbox 758 1761 946 1793; x_wconf 88' lang='lat' dir='ltr'>Thelamon</span> <span class='ocrx_word' id='word_1_189' title='bbox 961 1761 1005 1791; x_wconf 95' lang='lat' dir='ltr'>W</span> <span class='ocrx_word' id='word_1_190' title='bbox 1020 1771 1031 1791; x_wconf 84' lang='lat'><em>1</em></span> <span class='ocrx_word' id='word_1_191' title='bbox 1041 1783 1049 1791; x_wconf 94' lang='lat'>.</span> 
     </span>
     <span class='ocr_line' id='line_1_31' title="bbox 937 1803 1343 1845; baseline 0.002 -10"><span class='ocrx_word' id='word_1_192' title='bbox 937 1803 1104 1845; x_wconf 86' lang='lat' dir='ltr'>genuisset</span> <span class='ocrx_word' id='word_1_193' title='bbox 1121 1804 1254 1836; x_wconf 90' lang='lat' dir='ltr'>theseus</span> <span class='ocrx_word' id='word_1_194' title='bbox 1271 1805 1300 1835; x_wconf 93' lang='lat' dir='ltr'>E</span> <span class='ocrx_word' id='word_1_195' title='bbox 1319 1814 1343 1836; x_wconf 89' lang='lat'>1.</span> 
     </span>
    </p>
   </div>
   <div class='ocr_carea' id='block_1_15' title="bbox 1204 1366 1752 1434">
    <p class='ocr_par' dir='ltr' id='par_1_18' title="bbox 1204 1366 1752 1434">
     <span class='ocr_line' id='line_1_32' title="bbox 1204 1366 1752 1409; baseline 0 -12"><span class='ocrx_word' id='word_1_196' title='bbox 1204 1366 1316 1407; x_wconf 53' lang='lat' dir='ltr'>libel*-</span> <span class='ocrx_word' id='word_1_197' title='bbox 1337 1367 1378 1397; x_wconf 87' lang='lat' dir='ltr'>W</span> <span class='ocrx_word' id='word_1_198' title='bbox 1394 1377 1410 1398; x_wconf 85' lang='lat'><strong>2</strong></span> <span class='ocrx_word' id='word_1_199' title='bbox 1427 1366 1495 1397; x_wconf 86' lang='lat' dir='ltr'>alio</span> <span class='ocrx_word' id='word_1_200' title='bbox 1510 1370 1574 1397; x_wconf 84' lang='lat' dir='ltr'>atr.</span> <span class='ocrx_word' id='word_1_201' title='bbox 1591 1372 1752 1409; x_wconf 82' lang='lat' dir='ltr'>superscr.</span> 
     </span>
     <span class='ocr_line' id='line_1_33' title="bbox 1495 1417 1527 1434; baseline 0 0"><span class='ocrx_word' id='word_1_202' title='bbox 1495 1417 1527 1434; x_wconf 80' lang='grc' dir='ltr'>ΥΟ</span> 
     </span>
    </p>
   </div>
   <div class='ocr_carea' id='block_1_16' title="bbox 1424 1443 1755 1572">
    <p class='ocr_par' dir='ltr' id='par_1_19' title="bbox 1424 1443 1755 1572">
     <span class='ocr_line' id='line_1_34' title="bbox 1424 1443 1755 1485; baseline 0 -11"><span class='ocrx_word' id='word_1_203' title='bbox 1424 1443 1550 1485; x_wconf 66' lang='grc' dir='ltr'>ΙίῢεΛῐῖι</span> <span class='ocrx_word' id='word_1_204' title='bbox 1566 1444 1597 1474; x_wconf 94' lang='grc' dir='ltr'>Π</span> <span class='ocrx_word' id='word_1_205' title='bbox 1609 1444 1674 1475; x_wconf 85' lang='lat' dir='ltr'>alio</span> <span class='ocrx_word' id='word_1_206' title='bbox 1690 1449 1755 1474; x_wconf 89' lang='lat' dir='ltr'>atr.</span> 
     </span>
     <span class='ocr_line' id='line_1_35' title="bbox 1464 1487 1753 1536; baseline 0 -18"><span class='ocrx_word' id='word_1_207' title='bbox 1464 1487 1641 1536; x_wconf 68' lang='lat' dir='ltr'>liberorum</span> <span class='ocrx_word' id='word_1_208' title='bbox 1660 1488 1690 1518; x_wconf 90' lang='lat' dir='ltr'><strong>R</strong></span> <span class='ocrx_word' id='word_1_209' title='bbox 1705 1487 1724 1519; x_wconf 93' lang='lat'><strong>6</strong></span> <span class='ocrx_word' id='word_1_210' title='bbox 1737 1498 1753 1528; x_wconf 91' lang='lat'><em>7</em></span> 
     </span>
     <span class='ocr_line' id='line_1_36' title="bbox 1427 1540 1753 1572; baseline 0.006 -12"><span class='ocrx_word' id='word_1_211' title='bbox 1427 1540 1439 1561; x_wconf 87' lang='lat'>1</span> <span class='ocrx_word' id='word_1_212' title='bbox 1450 1540 1476 1561; x_wconf 85' lang='lat'>1.</span> <span class='ocrx_word' id='word_1_213' title='bbox 1508 1541 1638 1562; x_wconf 82' lang='lat' dir='ltr'>minora</span> <span class='ocrx_word' id='word_1_214' title='bbox 1654 1541 1753 1572; x_wconf 88' lang='lat' dir='ltr'>quam</span> 
     </span>
    </p>
   </div>
   <div class='ocr_carea' id='block_1_17' title="bbox 1025 1530 1334 1571">
    <p class='ocr_par' dir='ltr' id='par_1_20' title="bbox 1025 1530 1334 1571">
     <span class='ocr_line' id='line_1_37' title="bbox 1025 1530 1334 1571; baseline -0.003 -10"><span class='ocrx_word' id='word_1_215' title='bbox 1025 1530 1151 1568; x_wconf 59' lang='lat' dir='ltr'>lib&#39;ozff-</span> <span class='ocrx_word' id='word_1_216' title='bbox 1178 1530 1257 1570; x_wconf 89' lang='lat' dir='ltr'>R17</span> <span class='ocrx_word' id='word_1_217' title='bbox 1301 1530 1334 1571; x_wconf 90' lang='lat' dir='ltr'>J.</span> 
     </span>
    </p>
   </div>
   <div class='ocr_carea' id='block_1_18' title="bbox 1003 1606 1755 1650">
    <p class='ocr_par' dir='ltr' id='par_1_21' title="bbox 1003 1606 1755 1650">
     <span class='ocr_line' id='line_1_38' title="bbox 1003 1606 1755 1650; baseline 0.001 -12"><span class='ocrx_word' id='word_1_218' title='bbox 1003 1607 1131 1638; x_wconf 86' lang='lat' dir='ltr'>minora</span> <span class='ocrx_word' id='word_1_219' title='bbox 1147 1611 1272 1648; x_wconf 87' lang='lat' dir='ltr'>quanta</span> <span class='ocrx_word' id='word_1_220' title='bbox 1289 1606 1317 1638; x_wconf 93' lang='lat' dir='ltr'>E</span> <span class='ocrx_word' id='word_1_221' title='bbox 1334 1617 1362 1638; x_wconf 87' lang='lat'>1.</span> <span class='ocrx_word' id='word_1_222' title='bbox 1513 1617 1563 1638; x_wconf 82' lang='lat'>12.</span> <span class='ocrx_word' id='word_1_223' title='bbox 1595 1613 1755 1650; x_wconf 85' lang='lat' dir='ltr'>appareat</span> 
     </span>
    </p>
   </div>
   <div class='ocr_carea' id='block_1_19' title="bbox 1541 1657 1560 1675">
    <p class='ocr_par' dir='ltr' id='par_1_22' title="bbox 1541 1657 1560 1675">
     <span class='ocr_line' id='line_1_39' title="bbox 1541 1657 1560 1675; baseline 0 0"><span class='ocrx_word' id='word_1_224' title='bbox 1541 1657 1560 1675; x_wconf 91' lang='lat' dir='ltr'>N</span> 
     </span>
    </p>
   </div>
   <div class='ocr_carea' id='block_1_20' title="bbox 1101 1683 1755 1716">
    <p class='ocr_par' dir='ltr' id='par_1_23' title="bbox 1101 1683 1755 1716">
     <span class='ocr_line' id='line_1_40' title="bbox 1101 1683 1755 1716; baseline 0 0"><span class='ocrx_word' id='word_1_225' title='bbox 1101 1684 1248 1716; x_wconf 88' lang='lat' dir='ltr'>telamon</span> <span class='ocrx_word' id='word_1_226' title='bbox 1266 1684 1303 1715; x_wconf 92' lang='lat' dir='ltr'>P.</span> <span class='ocrx_word' id='word_1_227' title='bbox 1390 1683 1538 1715; x_wconf 87' lang='lat' dir='ltr'>thelamo</span> <span class='ocrx_word' id='word_1_228' title='bbox 1571 1684 1593 1716; x_wconf 91' lang='lat' dir='ltr'>S</span> <span class='ocrx_word' id='word_1_229' title='bbox 1609 1685 1673 1716; x_wconf 81' lang='lat' dir='ltr'>eod.</span> <span class='ocrx_word' id='word_1_230' title='bbox 1690 1689 1755 1716; x_wconf 88' lang='lat' dir='ltr'>atr.</span> 
     </span>
    </p>
   </div>
   <div class='ocr_carea' id='block_1_21' title="bbox 1194 1734 1755 1846">
    <p class='ocr_par' dir='ltr' id='par_1_24' title="bbox 1194 1734 1755 1846">
     <span class='ocr_line' id='line_1_41' title="bbox 1194 1734 1755 1802; baseline -0.002 -9"><span class='ocrx_word' id='word_1_231' title='bbox 1194 1772 1243 1801; x_wconf 88' lang='lat'>14.</span> <span class='ocrx_word' id='word_1_232' title='bbox 1274 1734 1353 1802; x_wconf 48' lang='lat' dir='ltr'>qtijm</span> <span class='ocrx_word' id='word_1_233' title='bbox 1370 1760 1470 1802; x_wconf 89' lang='lat' dir='ltr'>genui</span> <span class='ocrx_word' id='word_1_234' title='bbox 1486 1760 1520 1793; x_wconf 92' lang='lat' dir='ltr'>S.</span> <span class='ocrx_word' id='word_1_235' title='bbox 1655 1762 1755 1802; x_wconf 88' lang='lat' dir='ltr'>genui</span> 
     </span>
     <span class='ocr_line' id='line_1_42' title="bbox 1444 1805 1755 1846; baseline 0.006 -11"><span class='ocrx_word' id='word_1_236' title='bbox 1444 1805 1544 1846; x_wconf 87' lang='lat' dir='ltr'>genui</span> <span class='ocrx_word' id='word_1_237' title='bbox 1561 1809 1593 1836; x_wconf 90' lang='lat' dir='ltr'>et</span> <span class='ocrx_word' id='word_1_238' title='bbox 1609 1805 1669 1836; x_wconf 88' lang='lat' dir='ltr'>has</span> <span class='ocrx_word' id='word_1_239' title='bbox 1686 1805 1755 1837; x_wconf 86' lang='lat' dir='ltr'>eius</span> 
     </span>
    </p>
   </div>
   <div class='ocr_carea' id='block_1_22' title="bbox 572 1847 1754 1890">
    <p class='ocr_par' dir='ltr' id='par_1_25' title="bbox 572 1847 1754 1890">
     <span class='ocr_line' id='line_1_43' title="bbox 572 1847 1754 1890; baseline 0 -11"><span class='ocrx_word' id='word_1_240' title='bbox 572 1854 647 1890; x_wconf 85' lang='lat' dir='ltr'>post</span> <span class='ocrx_word' id='word_1_241' title='bbox 669 1848 769 1890; x_wconf 90' lang='lat' dir='ltr'>genui</span> <span class='ocrx_word' id='word_1_242' title='bbox 791 1849 887 1880; x_wconf 76' lang='lat' dir='ltr'>habet</span> <span class='ocrx_word' id='word_1_243' title='bbox 914 1848 944 1879; x_wconf 87' lang='lat' dir='ltr'><strong>R</strong></span> <span class='ocrx_word' id='word_1_244' title='bbox 968 1851 1003 1879; x_wconf 79' lang='lat' dir='ltr'>tfi</span> <span class='ocrx_word' id='word_1_245' title='bbox 1027 1848 1204 1879; x_wconf 87' lang='lat' dir='ltr'>morituros</span> <span class='ocrx_word' id='word_1_246' title='bbox 1227 1847 1307 1880; x_wconf 90' lang='lat' dir='ltr'>sciui</span> <span class='ocrx_word' id='word_1_247' title='bbox 1332 1852 1365 1879; x_wconf 91' lang='lat' dir='ltr'>et</span> <span class='ocrx_word' id='word_1_248' title='bbox 1388 1848 1418 1879; x_wconf 89' lang='lat' dir='ltr'>ei</span> <span class='ocrx_word' id='word_1_249' title='bbox 1442 1848 1487 1879; x_wconf 87' lang='lat' dir='ltr'>rei</span> <span class='ocrx_word' id='word_1_250' title='bbox 1511 1848 1626 1880; x_wconf 88' lang='lat' dir='ltr'>sustuli</span> <span class='ocrx_word' id='word_1_251' title='bbox 1649 1859 1754 1880; x_wconf 84' lang='lat' dir='ltr'>manu</span> 
     </span>
    </p>
   </div>
   <div class='ocr_carea' id='block_1_23' title="bbox 151 1891 1753 1985">
    <p class='ocr_par' dir='ltr' id='par_1_26' title="bbox 151 1891 1753 1976">
     <span class='ocr_line' id='line_1_44' title="bbox 153 1891 1753 1942; baseline -0.001 -19"><span class='ocrx_word' id='word_1_252' title='bbox 153 1893 277 1924; x_wconf 80' lang='lat' dir='ltr'>minore</span> <span class='ocrx_word' id='word_1_253' title='bbox 305 1893 364 1924; x_wconf 83' lang='lat' dir='ltr'>sed</span> <span class='ocrx_word' id='word_1_254' title='bbox 387 1894 548 1942; x_wconf 78' lang='lat' dir='ltr'>antiqua:</span> <span class='ocrx_word' id='word_1_255' title='bbox 579 1892 664 1924; x_wconf 84' lang='lat' dir='ltr'>idem</span> <span class='ocrx_word' id='word_1_256' title='bbox 695 1892 789 1923; x_wconf 74' lang='lat' dir='ltr'>habet</span> <span class='ocrx_word' id='word_1_257' title='bbox 819 1892 902 1932; x_wconf 87' lang='lat' dir='ltr'>O7:</span> <span class='ocrx_word' id='word_1_258' title='bbox 934 1891 1034 1932; x_wconf 88' lang='lat' dir='ltr'>genui</span> <span class='ocrx_word' id='word_1_259' title='bbox 1065 1892 1226 1923; x_wconf 74' lang='lat' dir='ltr'>moritursi</span> <span class='ocrx_word' id='word_1_260' title='bbox 1256 1891 1337 1923; x_wconf 88' lang='lat' dir='ltr'>sciui</span> <span class='ocrx_word' id='word_1_261' title='bbox 1365 1897 1397 1922; x_wconf 90' lang='lat' dir='ltr'>et</span> <span class='ocrx_word' id='word_1_262' title='bbox 1428 1892 1457 1923; x_wconf 90' lang='lat' dir='ltr'>ei</span> <span class='ocrx_word' id='word_1_263' title='bbox 1488 1891 1536 1923; x_wconf 88' lang='lat' dir='ltr'>rei</span> <span class='ocrx_word' id='word_1_264' title='bbox 1566 1892 1682 1923; x_wconf 86' lang='lat' dir='ltr'>sustuli</span> <span class='ocrx_word' id='word_1_265' title='bbox 1714 1892 1753 1924; x_wconf 92' lang='lat' dir='ltr'>C.</span> 
     </span>
     <span class='ocr_line' id='line_1_45' title="bbox 151 1934 1752 1985; baseline 0.001 -18"><span class='ocrx_word' id='word_1_266' title='bbox 151 1936 250 1985; x_wconf 84' lang='lat' dir='ltr'>genui</span> <span class='ocrx_word' id='word_1_267' title='bbox 267 1936 426 1967; x_wconf 87' lang='lat' dir='ltr'>morituru</span> <span class='ocrx_word' id='word_1_268' title='bbox 441 1936 523 1968; x_wconf 87' lang='lat' dir='ltr'>sciui</span> <span class='ocrx_word' id='word_1_269' title='bbox 543 1940 610 1967; x_wconf 82' lang='lat' dir='ltr'>cett.</span> <span class='ocrx_word' id='word_1_270' title='bbox 635 1946 697 1966; x_wconf 86' lang='lat' dir='ltr'>om.</span> <span class='ocrx_word' id='word_1_271' title='bbox 717 1935 750 1966; x_wconf 92' lang='lat' dir='ltr'><strong>K</strong></span> <span class='ocrx_word' id='word_1_272' title='bbox 764 1946 780 1966; x_wconf 90' lang='grc'><strong>2</strong></span> <span class='ocrx_word' id='word_1_273' title='bbox 823 1935 852 1966; x_wconf 85' lang='grc' dir='ltr'><strong>Ε</strong></span> <span class='ocrx_word' id='word_1_274' title='bbox 865 1945 882 1966; x_wconf 89' lang='grc'><strong>2</strong></span> <span class='ocrx_word' id='word_1_275' title='bbox 922 1935 966 1966; x_wconf 91' lang='lat' dir='ltr'>W</span> <span class='ocrx_word' id='word_1_276' title='bbox 982 1946 992 1966; x_wconf 88' lang='lat'>1</span> <span class='ocrx_word' id='word_1_277' title='bbox 1008 1945 1024 1965; x_wconf 94' lang='grc'><strong>2</strong></span> <span class='ocrx_word' id='word_1_278' title='bbox 1067 1935 1104 1965; x_wconf 90' lang='lat' dir='ltr'>M</span> <span class='ocrx_word' id='word_1_279' title='bbox 1123 1945 1134 1966; x_wconf 92' lang='lat'>1</span> <span class='ocrx_word' id='word_1_280' title='bbox 1177 1935 1209 1966; x_wconf 97' lang='lat' dir='ltr'>D</span> <span class='ocrx_word' id='word_1_281' title='bbox 1228 1935 1259 1965; x_wconf 83' lang='lat'>11</span> <span class='ocrx_word' id='word_1_282' title='bbox 1276 1935 1295 1976; x_wconf 94' lang='lat' dir='ltr'>J</span> <span class='ocrx_word' id='word_1_283' title='bbox 1335 1934 1366 1966; x_wconf 94' lang='grc' dir='ltr'>Ο</span> <span class='ocrx_word' id='word_1_284' title='bbox 1384 1945 1395 1965; x_wconf 93' lang='lat'>1</span> <span class='ocrx_word' id='word_1_285' title='bbox 1414 1945 1430 1966; x_wconf 97' lang='grc'><strong>2</strong></span> <span class='ocrx_word' id='word_1_286' title='bbox 1447 1935 1477 1965; x_wconf 90' lang='grc'>8.</span> <span class='ocrx_word' id='word_1_287' title='bbox 1518 1935 1601 1966; x_wconf 81' lang='lat' dir='ltr'>idem</span> <span class='ocrx_word' id='word_1_288' title='bbox 1618 1935 1712 1966; x_wconf 74' lang='lat' dir='ltr'>habet</span> <span class='ocrx_word' id='word_1_289' title='bbox 1729 1935 1752 1968; x_wconf 91' lang='lat' dir='ltr'>S</span> 
     </span>
    </p>
   </div>
   <div class='ocr_carea' id='block_1_24' title="bbox 151 1979 308 2020">
    <p class='ocr_par' dir='ltr' id='par_1_27' title="bbox 151 1979 308 2020">
     <span class='ocr_line' id='line_1_46' title="bbox 151 1979 308 2020; baseline 0.007 -10"><span class='ocrx_word' id='word_1_290' title='bbox 151 1979 188 2010; x_wconf 81' lang='lat' dir='ltr'>in</span> <span class='ocrx_word' id='word_1_291' title='bbox 205 1990 308 2020; x_wconf 77' lang='lat' dir='ltr'>marg.</span> 
     </span>
    </p>
   </div>
   <div class='ocr_carea' id='block_1_25' title="bbox 153 2022 738 2055">
    <p class='ocr_par' dir='ltr' id='par_1_28' title="bbox 153 2022 738 2055">
     <span class='ocr_line' id='line_1_47' title="bbox 153 2022 738 2055; baseline 0 -2"><span class='ocrx_word' id='word_1_292' title='bbox 153 2022 184 2053; x_wconf 93' lang='lat' dir='ltr'><strong>R</strong></span> <span class='ocrx_word' id='word_1_293' title='bbox 198 2023 229 2054; x_wconf 93' lang='lat' dir='ltr'>V</span> <span class='ocrx_word' id='word_1_294' title='bbox 245 2023 276 2055; x_wconf 94' lang='lat' dir='ltr'>G</span> <span class='ocrx_word' id='word_1_295' title='bbox 293 2023 320 2054; x_wconf 91' lang='lat' dir='ltr'>B</span> <span class='ocrx_word' id='word_1_296' title='bbox 337 2022 370 2055; x_wconf 86' lang='lat' dir='ltr'>S.</span> <span class='ocrx_word' id='word_1_297' title='bbox 463 2022 678 2055; x_wconf 74' lang='lat' dir='ltr'>comentabar</span> <span class='ocrx_word' id='word_1_298' title='bbox 696 2022 738 2053; x_wconf 92' lang='lat' dir='ltr'>K.</span> 
     </span>
    </p>
   </div>
   <div class='ocr_carea' id='block_1_26' title="bbox 149 2144 923 2923">
    <p class='ocr_par' dir='ltr' id='par_1_29' title="bbox 150 2144 923 2403">
     <span class='ocr_line' id='line_1_48' title="bbox 193 2144 917 2183; baseline -0.001 -7"><span class='ocrx_word' id='word_1_299' title='bbox 193 2145 277 2183; x_wconf 77' lang='lat'><strong>§58.</strong></span> <span class='ocrx_word' id='word_1_300' title='bbox 319 2146 493 2176; x_wconf 80' lang='lat' dir='ltr'>liberum:</span> <span class='ocrx_word' id='word_1_301' title='bbox 529 2144 612 2176; x_wconf 90' lang='lat' dir='ltr'>both</span> <span class='ocrx_word' id='word_1_302' title='bbox 642 2144 708 2176; x_wconf 89' lang='lat' dir='ltr'>this</span> <span class='ocrx_word' id='word_1_303' title='bbox 735 2144 819 2175; x_wconf 88' lang='lat' dir='ltr'>form</span> <span class='ocrx_word' id='word_1_304' title='bbox 851 2145 917 2175; x_wconf 91' lang='lat' dir='ltr'>and</span> 
     </span>
     <span class='ocr_line' id='line_1_49' title="bbox 150 2188 917 2230; baseline 0 -11"><span class='ocrx_word' id='word_1_305' title='bbox 150 2188 327 2220; x_wconf 85' lang='lat' dir='ltr'>liberorum</span> <span class='ocrx_word' id='word_1_306' title='bbox 352 2199 407 2220; x_wconf 88' lang='lat' dir='ltr'>are</span> <span class='ocrx_word' id='word_1_307' title='bbox 432 2188 534 2220; x_wconf 89' lang='lat' dir='ltr'>found</span> <span class='ocrx_word' id='word_1_308' title='bbox 564 2189 599 2220; x_wconf 89' lang='lat' dir='ltr'>in</span> <span class='ocrx_word' id='word_1_309' title='bbox 631 2188 777 2220; x_wconf 79' lang='lat' dir='ltr'>Cicero&#39;s</span> <span class='ocrx_word' id='word_1_310' title='bbox 809 2199 917 2230; x_wconf 87' lang='lat' dir='ltr'>prose.</span> 
     </span>
     <span class='ocr_line' id='line_1_50' title="bbox 154 2229 919 2273; baseline -0.003 -9"><span class='ocrx_word' id='word_1_311' title='bbox 154 2232 216 2264; x_wconf 89' lang='lat' dir='ltr'>See</span> <span class='ocrx_word' id='word_1_312' title='bbox 253 2232 431 2273; x_wconf 88' lang='lat' dir='ltr'>especially</span> <span class='ocrx_word' id='word_1_313' title='bbox 468 2232 577 2270; x_wconf 86' lang='lat' dir='ltr'>Neue,</span> <span class='ocrx_word' id='word_1_314' title='bbox 618 2231 848 2263; x_wconf 77' lang='lat' dir='ltr'>Formenlehre</span> <span class='ocrx_word' id='word_1_315' title='bbox 891 2229 919 2263; x_wconf 83' lang='lat'>1³</span> 
     </span>
     <span class='ocr_line' id='line_1_51' title="bbox 152 2275 923 2316; baseline -0.001 -9"><span class='ocrx_word' id='word_1_316' title='bbox 152 2275 510 2316; x_wconf 85' lang='lat' dir='ltr'>pp.166—7‚177—8.</span> <span class='ocrx_word' id='word_1_317' title='bbox 555 2276 660 2315; x_wconf 88' lang='lat' dir='ltr'>Many</span> <span class='ocrx_word' id='word_1_318' title='bbox 690 2275 856 2306; x_wconf 88' lang='lat' dir='ltr'>instances</span> <span class='ocrx_word' id='word_1_319' title='bbox 885 2275 923 2306; x_wconf 90' lang='lat' dir='ltr'>of</span> 
     </span>
     <span class='ocr_line' id='line_1_52' title="bbox 151 2318 918 2361; baseline 0 -12"><span class='ocrx_word' id='word_1_320' title='bbox 151 2318 314 2350; x_wconf 81' lang='lat' dir='ltr'>li‘berum</span> <span class='ocrx_word' id='word_1_321' title='bbox 306 2329 339 2350; x_wconf 89' lang='lat' dir='ltr'>m</span> <span class='ocrx_word' id='word_1_322' title='bbox 356 2319 413 2350; x_wconf 89' lang='lat' dir='ltr'>the</span> <span class='ocrx_word' id='word_1_323' title='bbox 428 2319 585 2350; x_wconf 87' lang='lat' dir='ltr'>Verrines</span> <span class='ocrx_word' id='word_1_324' title='bbox 601 2329 656 2350; x_wconf 85' lang='lat' dir='ltr'>are</span> <span class='ocrx_word' id='word_1_325' title='bbox 671 2319 855 2361; x_wconf 83' lang='lat' dir='ltr'>supported</span> <span class='ocrx_word' id='word_1_326' title='bbox 874 2319 918 2359; x_wconf 95' lang='lat' dir='ltr'>by</span> 
     </span>
     <span class='ocr_line' id='line_1_53' title="bbox 151 2361 462 2403; baseline -0.006 -10"><span class='ocrx_word' id='word_1_327' title='bbox 151 2361 207 2393; x_wconf 90' lang='lat' dir='ltr'>the</span> <span class='ocrx_word' id='word_1_328' title='bbox 222 2370 268 2393; x_wconf 86' lang='lat' dir='ltr'>MS</span> <span class='ocrx_word' id='word_1_329' title='bbox 284 2362 462 2403; x_wconf 81' lang='lat' dir='ltr'>authority.</span> 
     </span>
    </p>

    <p class='ocr_par' dir='ltr' id='par_1_30' title="bbox 152 2404 915 2532">
     <span class='ocr_line' id='line_1_54' title="bbox 193 2404 915 2445; baseline -0.001 -9"><span class='ocrx_word' id='word_1_330' title='bbox 193 2407 444 2443; x_wconf 74' lang='lat' dir='ltr'>praedicantur</span> <span class='ocrx_word' id='word_1_331' title='bbox 451 2418 480 2432; x_wconf 89' lang='lat'>=</span> <span class='ocrx_word' id='word_1_332' title='bbox 488 2410 797 2441; x_wconf 77' lang='lat' dir='ltr'>commemorantur,</span> <span class='ocrx_word' id='word_1_333' title='bbox 809 2404 850 2437; x_wconf 87' lang='lat' dir='ltr'>cs.</span> <span class='ocrx_word' id='word_1_334' title='bbox 864 2414 881 2445; x_wconf 80' lang='lat'><strong>3</strong></span> <span class='ocrx_word' id='word_1_335' title='bbox 886 2415 915 2445; x_wconf 83' lang='lat'>3,</span> 
     </span>
     <span class='ocr_line' id='line_1_55' title="bbox 154 2449 913 2490; baseline -0.001 -10"><span class='ocrx_word' id='word_1_336' title='bbox 154 2456 194 2490; x_wconf 89' lang='lat'>79</span> <span class='ocrx_word' id='word_1_337' title='bbox 234 2450 285 2480; x_wconf 85' lang='lat' dir='ltr'>‘ut</span> <span class='ocrx_word' id='word_1_338' title='bbox 315 2449 404 2480; x_wconf 89' lang='lat' dir='ltr'>enim</span> <span class='ocrx_word' id='word_1_339' title='bbox 436 2449 546 2480; x_wconf 86' lang='lat' dir='ltr'>tulerit</span> <span class='ocrx_word' id='word_1_340' title='bbox 580 2449 720 2490; x_wconf 90' lang='lat' dir='ltr'>quisque</span> <span class='ocrx_word' id='word_1_341' title='bbox 758 2459 913 2480; x_wconf 89' lang='lat' dir='ltr'>eorum...</span> 
     </span>
     <span class='ocr_line' id='line_1_56' title="bbox 152 2491 500 2532; baseline 0 -10"><span class='ocrx_word' id='word_1_342' title='bbox 152 2491 409 2532; x_wconf 90' lang='lat' dir='ltr'>praedicandum</span> <span class='ocrx_word' id='word_1_343' title='bbox 426 2492 500 2524; x_wconf 89' lang='lat' dir='ltr'>est.&#39;</span> 
     </span>
    </p>

    <p class='ocr_par' dir='ltr' id='par_1_31' title="bbox 151 2535 917 2663">
     <span class='ocr_line' id='line_1_57' title="bbox 194 2535 917 2576; baseline 0.001 -11"><span class='ocrx_word' id='word_1_344' title='bbox 194 2537 342 2566; x_wconf 80' lang='lat' dir='ltr'>sensim:</span> <span class='ocrx_word' id='word_1_345' title='bbox 361 2535 417 2567; x_wconf 90' lang='lat' dir='ltr'>the</span> <span class='ocrx_word' id='word_1_346' title='bbox 429 2535 645 2576; x_wconf 89' lang='lat' dir='ltr'>punctuation</span> <span class='ocrx_word' id='word_1_347' title='bbox 661 2535 810 2576; x_wconf 90' lang='lat' dir='ltr'>depends</span> <span class='ocrx_word' id='word_1_348' title='bbox 826 2545 917 2576; x_wconf 91' lang='lat' dir='ltr'>upon</span> 
     </span>
     <span class='ocr_line' id='line_1_58' title="bbox 151 2577 916 2619; baseline 0.001 -11"><span class='ocrx_word' id='word_1_349' title='bbox 151 2577 299 2610; x_wconf 88' lang='lat' dir='ltr'>whether</span> <span class='ocrx_word' id='word_1_350' title='bbox 317 2589 366 2609; x_wconf 88' lang='lat' dir='ltr'>we</span> <span class='ocrx_word' id='word_1_351' title='bbox 387 2579 466 2610; x_wconf 87' lang='lat' dir='ltr'>take</span> <span class='ocrx_word' id='word_1_352' title='bbox 486 2580 607 2610; x_wconf 86' lang='lat' dir='ltr'>sensim</span> <span class='ocrx_word' id='word_1_353' title='bbox 625 2579 705 2610; x_wconf 90' lang='lat' dir='ltr'>with</span> <span class='ocrx_word' id='word_1_354' title='bbox 722 2579 766 2619; x_wconf 81' lang='lat' dir='ltr'>fit</span> <span class='ocrx_word' id='word_1_355' title='bbox 784 2589 820 2610; x_wconf 88' lang='lat' dir='ltr'>or</span> <span class='ocrx_word' id='word_1_356' title='bbox 836 2578 916 2610; x_wconf 88' lang='lat' dir='ltr'>with</span> 
     </span>
     <span class='ocr_line' id='line_1_59' title="bbox 151 2621 863 2663; baseline 0 -11"><span class='ocrx_word' id='word_1_357' title='bbox 151 2626 313 2662; x_wconf 80' lang='lat' dir='ltr'>appareat.</span> <span class='ocrx_word' id='word_1_358' title='bbox 350 2621 466 2653; x_wconf 89' lang='lat' dir='ltr'>Either</span> <span class='ocrx_word' id='word_1_359' title='bbox 482 2622 565 2653; x_wconf 90' lang='lat' dir='ltr'>view</span> <span class='ocrx_word' id='word_1_360' title='bbox 582 2632 689 2654; x_wconf 88' lang='lat' dir='ltr'>seems</span> <span class='ocrx_word' id='word_1_361' title='bbox 705 2622 863 2663; x_wconf 86' lang='lat' dir='ltr'>possible.</span> 
     </span>
    </p>

    <p class='ocr_par' dir='ltr' id='par_1_32' title="bbox 149 2665 915 2825">
     <span class='ocr_line' id='line_1_60' title="bbox 193 2665 915 2706; baseline 0 -11"><span class='ocrx_word' id='word_1_362' title='bbox 193 2666 330 2702; x_wconf 74' lang='lat' dir='ltr'>opinio:</span> <span class='ocrx_word' id='word_1_363' title='bbox 366 2666 456 2697; x_wconf 87' lang='lat' dir='ltr'>since</span> <span class='ocrx_word' id='word_1_364' title='bbox 494 2666 664 2706; x_wconf 75' lang='lat' dir='ltr'>aegritudo</span> <span class='ocrx_word' id='word_1_365' title='bbox 702 2665 804 2696; x_wconf 87' lang='lat' dir='ltr'>arises</span> <span class='ocrx_word' id='word_1_366' title='bbox 842 2676 915 2696; x_wconf 83' lang='lat' dir='ltr'>cum</span> 
     </span>
     <span class='ocr_line' id='line_1_61' title="bbox 149 2708 914 2749; baseline 0 -11"><span class='ocrx_word' id='word_1_367' title='bbox 149 2708 232 2747; x_wconf 83' lang='lat' dir='ltr'>quid</span> <span class='ocrx_word' id='word_1_368' title='bbox 246 2709 293 2739; x_wconf 85' lang='lat' dir='ltr'>ita</span> <span class='ocrx_word' id='word_1_369' title='bbox 316 2709 428 2739; x_wconf 82' lang='lat' dir='ltr'>uisum</span> <span class='ocrx_word' id='word_1_370' title='bbox 451 2708 495 2739; x_wconf 81' lang='lat' dir='ltr'>sit</span> <span class='ocrx_word' id='word_1_371' title='bbox 510 2713 549 2739; x_wconf 87' lang='lat' dir='ltr'>ut</span> <span class='ocrx_word' id='word_1_372' title='bbox 570 2719 729 2749; x_wconf 81' lang='lat' dir='ltr'>magnum</span> <span class='ocrx_word' id='word_1_373' title='bbox 752 2709 914 2749; x_wconf 80' lang='lat' dir='ltr'>quoddam</span> 
     </span>
     <span class='ocr_line' id='line_1_62' title="bbox 150 2751 912 2793; baseline 0.001 -12"><span class='ocrx_word' id='word_1_374' title='bbox 150 2751 276 2782; x_wconf 87' lang='lat' dir='ltr'>malum</span> <span class='ocrx_word' id='word_1_375' title='bbox 305 2752 411 2783; x_wconf 86' lang='lat' dir='ltr'>adesse</span> <span class='ocrx_word' id='word_1_376' title='bbox 440 2756 471 2782; x_wconf 83' lang='lat' dir='ltr'>et</span> <span class='ocrx_word' id='word_1_377' title='bbox 504 2762 621 2793; x_wconf 78' lang='lat' dir='ltr'>urgere</span> <span class='ocrx_word' id='word_1_378' title='bbox 654 2752 823 2790; x_wconf 82' lang='lat' dir='ltr'>uideatur,</span> <span class='ocrx_word' id='word_1_379' title='bbox 862 2762 912 2792; x_wconf 83' lang='lat'>13,</span> 
     </span>
     <span class='ocr_line' id='line_1_63' title="bbox 151 2794 202 2825; baseline 0.039 -2"><span class='ocrx_word' id='word_1_380' title='bbox 151 2794 202 2825; x_wconf 85' lang='lat'>28.</span> 
     </span>
    </p>

    <p class='ocr_par' dir='ltr' id='par_1_33' title="bbox 149 2836 914 2923">
     <span class='ocr_line' id='line_1_64' title="bbox 192 2836 914 2875; baseline 0.003 -8"><span class='ocrx_word' id='word_1_381' title='bbox 192 2836 301 2868; x_wconf 88' lang='lat' dir='ltr'>These</span> <span class='ocrx_word' id='word_1_382' title='bbox 318 2837 500 2870; x_wconf 87' lang='lat' dir='ltr'>references</span> <span class='ocrx_word' id='word_1_383' title='bbox 516 2842 551 2869; x_wconf 93' lang='lat' dir='ltr'>to</span> <span class='ocrx_word' id='word_1_384' title='bbox 567 2838 743 2875; x_wconf 88' lang='lat' dir='ltr'>Telamon,</span> <span class='ocrx_word' id='word_1_385' title='bbox 764 2838 914 2869; x_wconf 83' lang='lat' dir='ltr'>Theseus</span> 
     </span>
     <span class='ocr_line' id='line_1_65' title="bbox 149 2880 913 2923; baseline 0.003 -13"><span class='ocrx_word' id='word_1_386' title='bbox 149 2880 215 2911; x_wconf 90' lang='lat' dir='ltr'>and</span> <span class='ocrx_word' id='word_1_387' title='bbox 232 2880 449 2922; x_wconf 86' lang='lat' dir='ltr'>Anaxagoras</span> <span class='ocrx_word' id='word_1_388' title='bbox 464 2881 549 2913; x_wconf 86' lang='lat' dir='ltr'>have</span> <span class='ocrx_word' id='word_1_389' title='bbox 564 2881 699 2923; x_wconf 89' lang='lat' dir='ltr'>already</span> <span class='ocrx_word' id='word_1_390' title='bbox 714 2882 798 2912; x_wconf 90' lang='lat' dir='ltr'>been</span> <span class='ocrx_word' id='word_1_391' title='bbox 814 2881 913 2922; x_wconf 90' lang='lat' dir='ltr'>given</span> 
     </span>
    </p>
   </div>
   <div class='ocr_carea' id='block_1_27' title="bbox 466 1978 1261 2021">
    <p class='ocr_par' dir='ltr' id='par_1_34' title="bbox 466 1978 1261 2021">
     <span class='ocr_line' id='line_1_66' title="bbox 466 1978 1261 2021; baseline -0.003 -10"><span class='ocrx_word' id='word_1_392' title='bbox 466 1979 566 2021; x_wconf 88' lang='lat' dir='ltr'>genui</span> <span class='ocrx_word' id='word_1_393' title='bbox 582 1978 777 2010; x_wconf 89' lang='lat' dir='ltr'>moriturum</span> <span class='ocrx_word' id='word_1_394' title='bbox 794 1983 863 2010; x_wconf 84' lang='lat' dir='ltr'>cett.</span> <span class='ocrx_word' id='word_1_395' title='bbox 879 1989 941 2010; x_wconf 88' lang='lat' dir='ltr'>om.</span> <span class='ocrx_word' id='word_1_396' title='bbox 964 1979 994 2009; x_wconf 90' lang='lat' dir='ltr'><strong>R</strong></span> <span class='ocrx_word' id='word_1_397' title='bbox 1009 1987 1025 2019; x_wconf 92' lang='lat'>7</span> <span class='ocrx_word' id='word_1_398' title='bbox 1073 1978 1100 2009; x_wconf 91' lang='lat' dir='ltr'>B</span> <span class='ocrx_word' id='word_1_399' title='bbox 1114 1989 1132 2019; x_wconf 80' lang='lat'>3</span> <span class='ocrx_word' id='word_1_400' title='bbox 1180 1979 1217 2009; x_wconf 93' lang='lat' dir='ltr'><strong>M</strong></span> <span class='ocrx_word' id='word_1_401' title='bbox 1231 1989 1261 2009; x_wconf 91' lang='grc'><strong>2.</strong></span> 
     </span>
    </p>
   </div>
   <div class='ocr_carea' id='block_1_28' title="bbox 1422 1977 1756 2010">
    <p class='ocr_par' dir='ltr' id='par_1_35' title="bbox 1422 1977 1756 2010">
     <span class='ocr_line' id='line_1_67' title="bbox 1422 1977 1756 2010; baseline 0.003 -1"><span class='ocrx_word' id='word_1_402' title='bbox 1422 1988 1433 2009; x_wconf 96' lang='lat'>1</span> <span class='ocrx_word' id='word_1_403' title='bbox 1440 1977 1472 2009; x_wconf 89' lang='lat'>6.</span> <span class='ocrx_word' id='word_1_404' title='bbox 1504 1979 1756 2010; x_wconf 89' lang='lat' dir='ltr'>commentabar</span> 
     </span>
    </p>
   </div>
   <div class='ocr_carea' id='block_1_29' title="bbox 982 2138 1756 2912">
    <p class='ocr_par' dir='ltr' id='par_1_36' title="bbox 983 2138 1756 2835">
     <span class='ocr_line' id='line_1_68' title="bbox 986 2138 1754 2186; baseline 0.001 -11"><span class='ocrx_word' id='word_1_405' title='bbox 986 2145 1020 2175; x_wconf 90' lang='lat' dir='ltr'>in</span> <span class='ocrx_word' id='word_1_406' title='bbox 1036 2145 1071 2183; x_wconf 60' lang='grc' dir='ltr'>ἐξ</span> <span class='ocrx_word' id='word_1_407' title='bbox 1085 2146 1225 2186; x_wconf 78' lang='grc'><strong>28-30,</strong></span> <span class='ocrx_word' id='word_1_408' title='bbox 1243 2144 1353 2176; x_wconf 87' lang='lat' dir='ltr'>where</span> <span class='ocrx_word' id='word_1_409' title='bbox 1373 2155 1427 2176; x_wconf 86' lang='lat' dir='ltr'>see</span> <span class='ocrx_word' id='word_1_410' title='bbox 1450 2138 1557 2176; x_wconf 78' lang='lat' dir='ltr'>notes.</span> <span class='ocrx_word' id='word_1_411' title='bbox 1591 2145 1665 2176; x_wconf 89' lang='lat' dir='ltr'>The</span> <span class='ocrx_word' id='word_1_412' title='bbox 1684 2145 1754 2176; x_wconf 86' lang='lat' dir='ltr'>reff.</span> 
     </span>
     <span class='ocr_line' id='line_1_69' title="bbox 985 2188 1756 2229; baseline 0 -10"><span class='ocrx_word' id='word_1_413' title='bbox 985 2193 1020 2219; x_wconf 90' lang='lat' dir='ltr'>to</span> <span class='ocrx_word' id='word_1_414' title='bbox 1031 2189 1194 2220; x_wconf 90' lang='lat' dir='ltr'>Telamon</span> <span class='ocrx_word' id='word_1_415' title='bbox 1206 2188 1272 2219; x_wconf 93' lang='lat' dir='ltr'>and</span> <span class='ocrx_word' id='word_1_416' title='bbox 1287 2190 1503 2229; x_wconf 85' lang='lat' dir='ltr'>Anaxagoras</span> <span class='ocrx_word' id='word_1_417' title='bbox 1514 2199 1570 2219; x_wconf 92' lang='lat' dir='ltr'>are</span> <span class='ocrx_word' id='word_1_418' title='bbox 1583 2188 1699 2219; x_wconf 89' lang='lat' dir='ltr'>shown</span> <span class='ocrx_word' id='word_1_419' title='bbox 1712 2189 1756 2229; x_wconf 94' lang='lat' dir='ltr'>by</span> 
     </span>
     <span class='ocr_line' id='line_1_70' title="bbox 987 2232 1754 2273; baseline 0 -11"><span class='ocrx_word' id='word_1_420' title='bbox 987 2232 1144 2270; x_wconf 90' lang='lat' dir='ltr'>Buresch,</span> <span class='ocrx_word' id='word_1_421' title='bbox 1164 2232 1335 2272; x_wconf 54' lang='lat' dir='ltr'>Leipzzger</span> <span class='ocrx_word' id='word_1_422' title='bbox 1349 2232 1491 2263; x_wconf 82' lang='lat' dir='ltr'>Studien</span> <span class='ocrx_word' id='word_1_423' title='bbox 1509 2239 1548 2262; x_wconf 84' lang='lat' dir='ltr'>IX</span> <span class='ocrx_word' id='word_1_424' title='bbox 1562 2239 1703 2273; x_wconf 84' lang='lat'>47—-49,</span> <span class='ocrx_word' id='word_1_425' title='bbox 1719 2237 1754 2262; x_wconf 88' lang='lat' dir='ltr'>to</span> 
     </span>
     <span class='ocr_line' id='line_1_71' title="bbox 985 2275 1753 2316; baseline 0 -10"><span class='ocrx_word' id='word_1_426' title='bbox 985 2275 1070 2306; x_wconf 89' lang='lat' dir='ltr'>have</span> <span class='ocrx_word' id='word_1_427' title='bbox 1095 2275 1181 2307; x_wconf 88' lang='lat' dir='ltr'>been</span> <span class='ocrx_word' id='word_1_428' title='bbox 1207 2275 1384 2316; x_wconf 91' lang='lat' dir='ltr'>employed</span> <span class='ocrx_word' id='word_1_429' title='bbox 1409 2275 1453 2315; x_wconf 93' lang='lat' dir='ltr'>by</span> <span class='ocrx_word' id='word_1_430' title='bbox 1478 2275 1620 2306; x_wconf 88' lang='lat' dir='ltr'>Crantor</span> <span class='ocrx_word' id='word_1_431' title='bbox 1647 2275 1681 2305; x_wconf 90' lang='lat' dir='ltr'>in</span> <span class='ocrx_word' id='word_1_432' title='bbox 1701 2275 1753 2306; x_wconf 91' lang='lat' dir='ltr'>his</span> 
     </span>
     <span class='ocr_line' id='line_1_72' title="bbox 986 2317 1754 2357; baseline 0 -8"><span class='ocrx_word' id='word_1_433' title='bbox 986 2320 1058 2357; x_wconf 81' lang='grc' dir='ltr'>περὶ</span> <span class='ocrx_word' id='word_1_434' title='bbox 1083 2319 1227 2356; x_wconf 85' lang='grc' dir='ltr'>πένθους,</span> <span class='ocrx_word' id='word_1_435' title='bbox 1255 2318 1322 2349; x_wconf 89' lang='lat' dir='ltr'>and</span> <span class='ocrx_word' id='word_1_436' title='bbox 1349 2328 1393 2349; x_wconf 89' lang='lat' dir='ltr'>no</span> <span class='ocrx_word' id='word_1_437' title='bbox 1415 2318 1519 2349; x_wconf 92' lang='lat' dir='ltr'>doubt</span> <span class='ocrx_word' id='word_1_438' title='bbox 1547 2317 1603 2349; x_wconf 89' lang='lat' dir='ltr'>the</span> <span class='ocrx_word' id='word_1_439' title='bbox 1631 2318 1690 2350; x_wconf 90' lang='lat' dir='ltr'>ref.</span> <span class='ocrx_word' id='word_1_440' title='bbox 1717 2323 1754 2349; x_wconf 93' lang='lat' dir='ltr'>to</span> 
     </span>
     <span class='ocr_line' id='line_1_73' title="bbox 985 2361 1754 2393; baseline 0 0"><span class='ocrx_word' id='word_1_441' title='bbox 985 2362 1136 2393; x_wconf 91' lang='lat' dir='ltr'>Theseus</span> <span class='ocrx_word' id='word_1_442' title='bbox 1157 2372 1225 2393; x_wconf 88' lang='lat' dir='ltr'>was</span> <span class='ocrx_word' id='word_1_443' title='bbox 1251 2362 1322 2393; x_wconf 85' lang='lat' dir='ltr'>also</span> <span class='ocrx_word' id='word_1_444' title='bbox 1349 2361 1452 2392; x_wconf 89' lang='lat' dir='ltr'>there.</span> <span class='ocrx_word' id='word_1_445' title='bbox 1499 2361 1646 2392; x_wconf 88' lang='lat' dir='ltr'>Buresch</span> <span class='ocrx_word' id='word_1_446' title='bbox 1673 2361 1754 2393; x_wconf 87' lang='lat' dir='ltr'>cites</span> 
     </span>
     <span class='ocr_line' id='line_1_74' title="bbox 988 2404 1755 2446; baseline -0.001 -10"><span class='ocrx_word' id='word_1_447' title='bbox 988 2405 1226 2446; x_wconf 84' lang='lat' dir='ltr'>Hieronymus,</span> <span class='ocrx_word' id='word_1_448' title='bbox 1247 2405 1310 2446; x_wconf 91' lang='lat' dir='ltr'>Ep.</span> <span class='ocrx_word' id='word_1_449' title='bbox 1337 2405 1368 2436; x_wconf 89' lang='lat' dir='ltr'>lx</span> <span class='ocrx_word' id='word_1_450' title='bbox 1395 2414 1411 2444; x_wconf 88' lang='lat'>5</span> <span class='ocrx_word' id='word_1_451' title='bbox 1436 2404 1512 2436; x_wconf 88' lang='lat' dir='ltr'>‘ubi</span> <span class='ocrx_word' id='word_1_452' title='bbox 1536 2404 1618 2436; x_wconf 90' lang='lat' dir='ltr'>illud</span> <span class='ocrx_word' id='word_1_453' title='bbox 1640 2405 1683 2436; x_wconf 89' lang='lat' dir='ltr'>ab</span> <span class='ocrx_word' id='word_1_454' title='bbox 1707 2405 1755 2436; x_wconf 92' lang='lat' dir='ltr'>in-</span> 
     </span>
     <span class='ocr_line' id='line_1_75' title="bbox 985 2448 1755 2488; baseline 0 -8"><span class='ocrx_word' id='word_1_455' title='bbox 985 2448 1089 2480; x_wconf 83' lang='lat' dir='ltr'>fantia</span> <span class='ocrx_word' id='word_1_456' title='bbox 1104 2448 1248 2480; x_wconf 90' lang='lat' dir='ltr'>studium</span> <span class='ocrx_word' id='word_1_457' title='bbox 1266 2448 1460 2485; x_wconf 89' lang='lat' dir='ltr'>litterarum,</span> <span class='ocrx_word' id='word_1_458' title='bbox 1480 2452 1512 2479; x_wconf 93' lang='lat' dir='ltr'>et</span> <span class='ocrx_word' id='word_1_459' title='bbox 1534 2448 1755 2488; x_wconf 82' lang='lat' dir='ltr'>Anaxagorae</span> 
     </span>
     <span class='ocr_line' id='line_1_76' title="bbox 986 2491 1753 2532; baseline 0 -9"><span class='ocrx_word' id='word_1_460' title='bbox 986 2503 1024 2524; x_wconf 87' lang='lat' dir='ltr'>ac</span> <span class='ocrx_word' id='word_1_461' title='bbox 1045 2492 1239 2523; x_wconf 87' lang='lat' dir='ltr'>Telamonis</span> <span class='ocrx_word' id='word_1_462' title='bbox 1259 2502 1390 2532; x_wconf 88' lang='lat' dir='ltr'>semper</span> <span class='ocrx_word' id='word_1_463' title='bbox 1410 2491 1545 2522; x_wconf 86' lang='lat' dir='ltr'>laudata</span> <span class='ocrx_word' id='word_1_464' title='bbox 1568 2491 1753 2523; x_wconf 87' lang='lat' dir='ltr'>sententia:</span> 
     </span>
     <span class='ocr_line' id='line_1_77' title="bbox 990 2534 1754 2576; baseline -0.001 -9"><span class='ocrx_word' id='word_1_465' title='bbox 990 2536 1169 2567; x_wconf 88' lang='lat' dir='ltr'>“sciebam</span> <span class='ocrx_word' id='word_1_466' title='bbox 1189 2546 1242 2566; x_wconf 91' lang='lat' dir='ltr'>me</span> <span class='ocrx_word' id='word_1_467' title='bbox 1260 2534 1412 2576; x_wconf 87' lang='lat' dir='ltr'>genuisse</span> <span class='ocrx_word' id='word_1_468' title='bbox 1436 2534 1662 2565; x_wconf 86' lang='lat' dir='ltr'>mortalem?”</span> <span class='ocrx_word' id='word_1_469' title='bbox 1692 2535 1754 2566; x_wconf 93' lang='lat' dir='ltr'>Le-</span> 
     </span>
     <span class='ocr_line' id='line_1_78' title="bbox 985 2578 1753 2620; baseline -0.001 -11"><span class='ocrx_word' id='word_1_470' title='bbox 985 2579 1094 2620; x_wconf 87' lang='lat' dir='ltr'>gimus</span> <span class='ocrx_word' id='word_1_471' title='bbox 1110 2578 1308 2611; x_wconf 88' lang='lat' dir='ltr'>Crantorem</span> <span class='ocrx_word' id='word_1_472' title='bbox 1327 2578 1419 2609; x_wconf 89' lang='lat' dir='ltr'>cuius</span> <span class='ocrx_word' id='word_1_473' title='bbox 1436 2578 1591 2608; x_wconf 90' lang='lat' dir='ltr'>uolumen</span> <span class='ocrx_word' id='word_1_474' title='bbox 1611 2578 1654 2608; x_wconf 87' lang='lat' dir='ltr'>ad</span> <span class='ocrx_word' id='word_1_475' title='bbox 1676 2588 1753 2609; x_wconf 89' lang='lat' dir='ltr'>con-</span> 
     </span>
     <span class='ocr_line' id='line_1_79' title="bbox 985 2620 1754 2654; baseline 0 -2"><span class='ocrx_word' id='word_1_476' title='bbox 985 2622 1166 2654; x_wconf 86' lang='lat' dir='ltr'>fouendum</span> <span class='ocrx_word' id='word_1_477' title='bbox 1194 2622 1345 2652; x_wconf 89' lang='lat' dir='ltr'>dolorem</span> <span class='ocrx_word' id='word_1_478' title='bbox 1377 2625 1508 2652; x_wconf 87' lang='lat' dir='ltr'>secutus</span> <span class='ocrx_word' id='word_1_479' title='bbox 1538 2625 1587 2651; x_wconf 83' lang='lat' dir='ltr'>est</span> <span class='ocrx_word' id='word_1_480' title='bbox 1611 2620 1754 2653; x_wconf 87' lang='lat' dir='ltr'>Cicero.’</span> 
     </span>
     <span class='ocr_line' id='line_1_80' title="bbox 986 2663 1754 2705; baseline 0 -9"><span class='ocrx_word' id='word_1_481' title='bbox 986 2665 1110 2705; x_wconf 89' lang='lat' dir='ltr'>Owing</span> <span class='ocrx_word' id='word_1_482' title='bbox 1137 2670 1172 2696; x_wconf 88' lang='lat' dir='ltr'>to</span> <span class='ocrx_word' id='word_1_483' title='bbox 1201 2665 1257 2695; x_wconf 89' lang='lat' dir='ltr'>the</span> <span class='ocrx_word' id='word_1_484' title='bbox 1281 2668 1420 2704; x_wconf 84' lang='lat' dir='ltr'>cognate</span> <span class='ocrx_word' id='word_1_485' title='bbox 1444 2663 1615 2695; x_wconf 87' lang='lat' dir='ltr'>character</span> <span class='ocrx_word' id='word_1_486' title='bbox 1637 2664 1675 2695; x_wconf 86' lang='lat' dir='ltr'>of</span> <span class='ocrx_word' id='word_1_487' title='bbox 1698 2665 1754 2696; x_wconf 89' lang='lat' dir='ltr'>the</span> 
     </span>
     <span class='ocr_line' id='line_1_81' title="bbox 984 2707 1750 2749; baseline -0.001 -9"><span class='ocrx_word' id='word_1_488' title='bbox 984 2708 1112 2749; x_wconf 88' lang='lat' dir='ltr'>subject</span> <span class='ocrx_word' id='word_1_489' title='bbox 1124 2708 1252 2744; x_wconf 90' lang='lat' dir='ltr'>Cicero,</span> <span class='ocrx_word' id='word_1_490' title='bbox 1260 2707 1293 2738; x_wconf 92' lang='lat' dir='ltr'>in</span> <span class='ocrx_word' id='word_1_491' title='bbox 1304 2707 1430 2738; x_wconf 85' lang='lat' dir='ltr'>several</span> <span class='ocrx_word' id='word_1_492' title='bbox 1442 2708 1551 2748; x_wconf 88' lang='lat' dir='ltr'>places</span> <span class='ocrx_word' id='word_1_493' title='bbox 1562 2707 1595 2737; x_wconf 90' lang='lat' dir='ltr'>in</span> <span class='ocrx_word' id='word_1_494' title='bbox 1606 2707 1661 2738; x_wconf 89' lang='lat' dir='ltr'>the</span> <span class='ocrx_word' id='word_1_495' title='bbox 1668 2708 1750 2739; x_wconf 88' lang='lat' dir='ltr'>Tus-</span> 
     </span>
     <span class='ocr_line' id='line_1_82' title="bbox 983 2750 1750 2787; baseline -0.001 -4"><span class='ocrx_word' id='word_1_496' title='bbox 983 2752 1108 2787; x_wconf 86' lang='lat' dir='ltr'>culans,</span> <span class='ocrx_word' id='word_1_497' title='bbox 1120 2751 1178 2781; x_wconf 88' lang='lat' dir='ltr'>has</span> <span class='ocrx_word' id='word_1_498' title='bbox 1189 2750 1324 2781; x_wconf 86' lang='lat' dir='ltr'>worked</span> <span class='ocrx_word' id='word_1_499' title='bbox 1336 2750 1369 2781; x_wconf 92' lang='lat' dir='ltr'>in</span> <span class='ocrx_word' id='word_1_500' title='bbox 1379 2755 1499 2781; x_wconf 84' lang='lat' dir='ltr'>matter</span> <span class='ocrx_word' id='word_1_501' title='bbox 1510 2750 1618 2782; x_wconf 90' lang='lat' dir='ltr'>which</span> <span class='ocrx_word' id='word_1_502' title='bbox 1629 2750 1671 2782; x_wconf 90' lang='lat' dir='ltr'>he</span> <span class='ocrx_word' id='word_1_503' title='bbox 1683 2751 1750 2782; x_wconf 87' lang='lat' dir='ltr'>had</span> 
     </span>
     <span class='ocr_line' id='line_1_83' title="bbox 983 2793 1744 2835; baseline -0.001 -9"><span class='ocrx_word' id='word_1_504' title='bbox 983 2794 1171 2835; x_wconf 88' lang='lat' dir='ltr'>previously</span> <span class='ocrx_word' id='word_1_505' title='bbox 1183 2793 1279 2825; x_wconf 87' lang='lat' dir='ltr'>made</span> <span class='ocrx_word' id='word_1_506' title='bbox 1295 2803 1352 2824; x_wconf 90' lang='lat' dir='ltr'>use</span> <span class='ocrx_word' id='word_1_507' title='bbox 1368 2793 1405 2824; x_wconf 83' lang='lat' dir='ltr'>of</span> <span class='ocrx_word' id='word_1_508' title='bbox 1417 2793 1450 2824; x_wconf 94' lang='lat' dir='ltr'>in</span> <span class='ocrx_word' id='word_1_509' title='bbox 1467 2793 1523 2824; x_wconf 90' lang='lat' dir='ltr'>the</span> <span class='ocrx_word' id='word_1_510' title='bbox 1540 2793 1744 2826; x_wconf 85' lang='lat' dir='ltr'>Consolatio.</span> 
     </span>
    </p>

    <p class='ocr_par' dir='ltr' id='par_1_37' title="bbox 982 2836 1749 2912">
     <span class='ocr_line' id='line_1_84' title="bbox 1026 2836 1749 2875; baseline 0.001 -7"><span class='ocrx_word' id='word_1_511' title='bbox 1026 2840 1132 2869; x_wconf 77' lang='lat' dir='ltr'>rebus</span> <span class='ocrx_word' id='word_1_512' title='bbox 1146 2838 1323 2875; x_wconf 83' lang='lat' dir='ltr'>humanis,</span> <span class='ocrx_word' id='word_1_513' title='bbox 1346 2836 1425 2868; x_wconf 85' lang='lat' dir='ltr'>‘the</span> <span class='ocrx_word' id='word_1_514' title='bbox 1448 2837 1614 2869; x_wconf 88' lang='lat' dir='ltr'>incidents</span> <span class='ocrx_word' id='word_1_515' title='bbox 1635 2837 1672 2868; x_wconf 86' lang='lat' dir='ltr'>of</span> <span class='ocrx_word' id='word_1_516' title='bbox 1691 2838 1749 2869; x_wconf 86' lang='lat' dir='ltr'>the</span> 
     </span>
     <span class='ocr_line' id='line_1_85' title="bbox 982 2879 1193 2912; baseline -0.005 0"><span class='ocrx_word' id='word_1_517' title='bbox 982 2881 1107 2912; x_wconf 88' lang='lat' dir='ltr'>human</span> <span class='ocrx_word' id='word_1_518' title='bbox 1123 2879 1193 2912; x_wconf 84' lang='lat' dir='ltr'>lot.⁷</span> 
     </span>
    </p>
   </div>
  </div>
 </body>
</html>
