1913 3132
168 81 266 122 -6.
294 80 363 134 15]
712 79 909 121 LIBER
945 78 1244 130 QVINTVS
1695 90 1775 133 215

258 194 338 236 VI.
382 195 448 236 15.
492 194 642 235 Facile
669 194 814 247 patior
841 200 886 234 te
915 193 1000 233 isto
1033 191 1168 232 modo
1199 205 1341 245 agere,
1370 192 1452 232 etsi
1482 193 1683 246 iniquum
1711 200 1778 234 est

169 264 464 316 praescribere
506 264 613 304 mihi
655 270 700 304 te
735 277 866 316 quern
905 262 960 303 ad
1000 261 1180 302 modum
1225 275 1250 301 a
1289 275 1359 301 me
1395 261 1612 315 disputari
1655 263 1775 304 uelis,

168 333 246 373 sed
278 347 442 387 quaero
476 341 622 374 utrum
660 333 826 387 aliquid
863 339 1009 373 actum
1049 331 1346 385 superioribus
1379 331 1535 372 dIebus
1573 346 1628 372 an
1666 332 1775 372 nihil

168 402 442 444 arbitremur.

128 488 147 523 5
255 471 422 512 Actum
445 486 560 522 uero,
582 479 626 513 et
647 472 922 525 aliquantum
945 470 1136 524 quidem.

255 541 410 595 Atqui,
442 543 477 582 si
510 543 571 582 ita
601 548 679 592 est,
712 541 946 596 profligata
984 542 1070 581 iam
1109 541 1217 581 haec
1254 547 1297 581 et
1336 554 1477 594 paene
1510 540 1564 581 ad
1599 541 1771 582 exitum

168 610 362 651 adducta
382 612 584 665 quaestio
605 618 682 652 est.

256 678 358 732 Quo
380 679 561 721 tandem
586 680 751 721 modo?

256 748 372 802 Quia
402 756 548 789 motus
576 749 818 790 turbulenti
846 748 1196 801 iactationesque
1223 748 1472 788 animorum
1496 748 1706 789 incitatae
1727 755 1771 789 et

109 832 149 856 10
168 818 336 871 impetu
368 818 695 860 inconsiderato
725 819 869 859 elatae
901 819 1117 858 rationem
1151 831 1331 858 omnem
1359 817 1622 870 repellentes
1651 818 1770 858 uitae

166 884 324 927 beatae
346 887 512 928 nullam
536 894 706 940 partem
731 887 993 940 relinquunt.
1032 886 1130 940 quis
1160 887 1278 927 enim
1301 892 1450 939 potest
1474 893 1661 927 mortem
1692 893 1769 927 aut

166 955 364 997 dolorem
393 963 605 1006 metuens,
627 971 815 1010 quorum
842 956 1029 997 alterum
1057 970 1189 1009 saepe
1218 955 1356 1005 adest,
1379 956 1565 996 alterurn
1596 970 1771 1009 semper

166 1025 390 1079 inpendet,
423 1039 518 1066 esse
549 1039 637 1066 non
671 1027 828 1066 miser?
885 1025 1002 1078 quid,
1030 1025 1064 1065 si
1098 1024 1229 1074 idem,
1259 1025 1379 1078 quod
1418 1025 1676 1079 plerumque
1708 1024 1769 1073 fit,

166 1100 488 1147 paupertatem,
510 1094 813 1148 ignominiam,
836 1094 1064 1134 infamiam
1095 1094 1234 1141 timet,
1258 1094 1293 1134 si
1319 1093 1609 1143 debilitatem,
1631 1095 1771 1135 caeci—

107 1179 146 1214 15
165 1169 318 1213 tatem,
341 1164 375 1204 si
401 1163 605 1216 denique,
627 1164 748 1216 quod
778 1177 866 1203 non
897 1157 1081 1216 singulis
1113 1163 1383 1211 hominibus,
1404 1162 1480 1203 sed
1511 1163 1768 1216 potentibus

167 1232 342 1286 populis
370 1245 504 1285 saepe
533 1232 732 1285 contigit,
765 1232 1050 1272 seruitutem?
1080 1238 1229 1285 potest
1258 1244 1309 1271 ea
1338 1231 1499 1271 timens
1528 1245 1625 1272 esse
1653 1232 1770 1285 quis-

1195 1355 1335 1396 agereP
1381 1355 1455 1386 W1
1505 1355 1583 1387 DC
1630 1355 1767 1396 0137.

165 1443 262 1474 egere
286 1433 317 1463 V
344 1438 373 1464 et
397 1434 424 1464 B
451 1438 514 1464 alr.
546 1438 617 1464 ant.
645 1438 801 1474 superscr.
982 1443 1099 1474 aegere
1123 1433 1156 1463 K
1171 1443 1196 1462 1.
1376 1442 1471 1472 egere
1497 1433 1526 1463 R
1543 1432 1574 1463 G
1621 1433 1648 1463 B
1664 1443 1679 1463 2
1728 1432 1768 1464 Ε.

167 1487 196 1507 2.
231 1477 454 1519 praescribere
472 1477 503 1507 R
518 1477 559 1509 G.
660 1476 829 1518 pscribere
845 1476 885 1507 V.
994 1486 1042 1507 10.
1077 1477 1202 1516 impetu
1221 1476 1250 1506 R
1269 1475 1299 1506 G
1317 1476 1344 1506 B
1362 1476 1394 1506 K
1413 1476 1445 1507 S.
1549 1475 1712 1515 impetun-r
1726 1476 1768 1507 V.

165 1519 280 1561 inpetu
298 1520 325 1550 E
344 1521 391 1558 (h.
410 1518 457 1561 L).
507 1524 518 1557 ΙΙ
563 1520 669 1551 aelate
688 1521 716 1550 R
734 1520 765 1549 V
782 1520 814 1551 K
833 1519 863 1551 G
879 1531 899 1550 a
914 1524 990 1550 ante
1005 1530 1022 1551 e
1037 1525 1109 1561 exp.
1128 1520 1188 1549 alt.
1208 1530 1299 1549 man.
1365 1522 1376 1555 ΙΙ
1442 1529 1577 1550 ornnem
1596 1520 1653 1550 alt.
1673 1530 1763 1551 man.

164 1568 319 1604 superscr.
339 1564 433 1595 habet
449 1563 491 1595 G.
630 1574 678 1603 13.
711 1563 870 1604 inpendet
888 1563 919 1594 G
937 1563 976 1594 E.
1103 1562 1272 1602 impendet
1291 1563 1321 1593 R
1338 1562 1368 1591 V
1387 1562 1413 1592 B
1431 1563 1465 1593 K
1482 1562 1516 1593 S.
1586 1565 1597 1598 ΙΙ
1642 1563 1724 1604 quid
1740 1564 1768 1594 si

165 1607 336 1639 RVPG
382 1608 484 1648 B1—3
532 1607 554 1639 S
601 1607 661 1637 Ea
709 1607 776 1638 Μ2
824 1607 854 1636 II
902 1606 973 1638 02.
1080 1605 1289 1647 quodsiEr
1340 1605 1409 1637 Wr
1460 1605 1578 1646 DCJ.
1693 1606 1768 1657 Qsi

166 1661 204 1691 M
221 1671 231 1692 r
281 1661 352 1702 03.
459 1659 504 1703 qd
520 1662 546 1692 si
564 1661 597 1692 K
611 1672 623 1692 1
673 1661 703 1692 O
720 1672 745 1692 1.
853 1661 909 1703 qd'
925 1661 952 1691 si
971 1661 1013 1690 W
1026 1671 1052 1691 2.
1158 1660 1214 1702 qui
1232 1659 1257 1691 si
1276 1659 1306 1691 O
1320 1668 1347 1700 7.
1460 1671 1507 1699 14.
1537 1658 1672 1728 infssmia
1690 1661 1720 1691 R
1737 1661 1769 1692 G

1540 1711 1584 1727 mo
1607 1711 1624 1728 O

1406 1747 1454 1777 ¹5-
1486 1747 1553 1768 non
1569 1737 1706 1778 singulis
1722 1737 1764 1768 V.

230 1356 294 1387 VI.
327 1357 344 1395 ἕ
359 1360 409 1394 15,
433 1367 459 1388 1.
495 1362 541 1388 ito
558 1356 589 1388 G
606 1357 642 1395 zfn
659 1356 722 1388 isto
738 1356 795 1387 alt.
815 1367 904 1387 man.
921 1366 1004 1386 corr.
1096 1359 1106 1391 ΙΙ

165 1407 181 1424 a

163 1738 224 1769 alt.
243 1749 334 1769 man.
353 1743 511 1779 superscr.
690 1738 827 1769 infamia
844 1738 877 1768 K
892 1743 957 1768 atr.
975 1738 1120 1777 nigriore
1137 1742 1219 1767 mut.

168 1781 217 1813 16.
250 1781 413 1822 contingit
430 1782 462 1814 G
477 1786 512 1812 at
527 1792 548 1813 n
559 1786 634 1822 post
650 1781 659 1812 i
675 1787 746 1822 exp.
764 1782 821 1812 alt.
840 1792 928 1812 man.

208 1879 269 1911 VI.
305 1880 322 1918 ἓ
341 1882 390 1910 15.
424 1881 529 1911 facile
548 1881 677 1917 patior,
705 1881 713 1895 ‘
727 1880 742 1910 I
768 1890 821 1910 am
843 1880 934 1920 quite

165 1927 300 1955 content
315 1923 411 1959 that‚’
429 1922 439 1954 i
457 1933 509 1964 23,
529 1932 582 1964 55,
600 1934 633 1965 p.
657 1923 768 1954 Plane.
794 1932 845 1963 25,
871 1922 932 1957 62;

166 1966 239 1998 Att.
257 1977 299 1997 xv
317 1976 347 2002 2,
368 1976 397 1996 2.

209 2011 368 2047 aliquid:
394 2009 434 2041 cf.
459 2009 470 2040 i
493 2020 545 2046 2ο,
569 2018 608 2050 45
636 2010 779 2041 ‘etenim
798 2009 824 2040 si
845 2020 932 2041 nunc

166 2052 292 2094 aliquid
309 2053 447 2094 adsequi
463 2064 498 2085 se
514 2058 631 2094 putant
645 2053 652 2067 '
669 2053 736 2084 and
753 2064 786 2083 n.
806 2053 908 2084 there.

210 2099 248 2127 et.
257 2097 483 2132 aliquantum
496 2099 653 2134 quidem:
673 2096 714 2127 cf.
727 2096 761 2127 iii
774 2106 825 2133 2ο,
846 2097 886 2136 48
898 2107 930 2126 n.

210 2141 422 2177 profligata:
457 2140 631 2180 ‘virtually
661 2139 826 2170 finished.'
853 2139 930 2170 Aul.

168 2182 254 2214 Gell.
276 2182 371 2213 N.A.
389 2194 432 2214 xv
450 2192 466 2222 5
485 2183 622 2214 devotes
638 2194 657 2214 a
673 2183 809 2223 chapter
825 2188 859 2213 to
875 2182 932 2213 the

168 2226 363 2267 castigation
381 2227 417 2257 of
431 2226 557 2257 writers
572 2226 648 2257 who
664 2226 744 2258 used
766 2226 822 2257 the
840 2226 931 2257 word

162 2269 345 2311 prqfligare
358 2269 391 2300 in
408 2269 463 2300 the
480 2280 573 2301 sense
586 2270 620 2300 in
636 2270 745 2300 which
762 2269 830 2300 Cic.
856 2279 930 2300 uses

167 2313 193 2343 it
210 2313 287 2343 here
304 2313 369 2343 and
385 2312 419 2343 in
437 2313 529 2344 Fam.
550 2312 607 2344 viii
625 2323 656 2354 9,
679 2322 718 2349 23
743 2313 789 2343 xii
813 2323 861 2353 14,
889 2323 904 2343 2
921 2323 928 2348 ς

169 2365 221 2396 3ο,
253 2366 270 2386 2
307 2355 378 2397 ‘qui
409 2356 585 2397 profligato
623 2357 713 2387 bello
750 2367 788 2386 ac
826 2366 930 2396 paene

169 2399 299 2430 sublato
326 2404 519 2430 renouatum
546 2399 671 2431 bellum
698 2409 810 2440 gerere
834 2409 930 2430 cona—

169 2442 264 2479 mur‚’
289 2453 382 2484 prou.
407 2452 496 2474 cons.
529 2453 577 2482 14,
604 2453 664 2483 353
700 2443 877 2484 according
899 2448 933 2473 to

168 2485 237 2516 him
254 2486 278 2516 it
295 2485 413 2516 should
430 2486 553 2526 always
568 2486 610 2517 be
626 2487 706 2517 used
722 2486 755 2516 in
768 2486 823 2517 the
839 2496 933 2517 sense

169 2528 207 2560 of
232 2529 278 2560 ad
300 2529 477 2569 perniciem
503 2530 738 2570 interitumque
760 2530 930 2563 deducere:

169 2572 226 2603 the
246 2582 367 2613 proper
390 2572 488 2603 Latin
512 2572 562 2603 for
583 2573 639 2603 the
661 2572 817 2613 meaning
835 2573 932 2614 given

169 2620 205 2646 to
223 2615 401 2656 proflzgata
419 2615 497 2646 here
524 2615 561 2652 is,
577 2616 620 2646 he
643 2621 772 2651 asserts,
790 2616 934 2657 anectus

169 2658 220 2690 for
244 2658 352 2690 which
376 2659 418 2690 he
441 2665 558 2700 quotes
582 2659 698 2691 Cicero
724 2669 817 2699 prou.
842 2670 933 2691 cons.

171 2703 201 2740 8,
224 2712 262 2744 19
278 2705 285 2718 ‘
297 2701 423 2733 bellum
438 2702 602 2733 adfectum
620 2702 770 2733 uidemus
783 2701 790 2715 ’
808 2703 872 2733 and
891 2702 931 2733 ib.

174 2755 224 2784 12,
244 2754 307 2786 29:
332 2745 356 2776 it
377 2755 483 2776 seems
504 2746 592 2776 clear
614 2745 687 2776 that
708 2746 764 2776 the
787 2746 934 2786 scruples

169 2788 228 2820 felt
265 2789 310 2829 by
340 2788 420 2819 Aul.
450 2788 539 2820 Gell.
573 2799 657 2820 were
691 2788 861 2820 unknown
899 2794 934 2820 to

171 2832 290 2863 Cicero
315 2831 380 2862 and
401 2832 484 2872 Livy
509 2831 557 2871 (iii
584 2842 635 2872 50,
668 2841 728 2869 10;
753 2832 785 2863 ix
811 2841 863 2873 37,
892 2843 903 2863 1
925 2844 934 2871 3

169 2875 235 2912 xxi,
253 2885 306 2914 40,
328 2885 362 2906 11
380 2886 389 2913 ;
413 2886 501 2906 xxxv
518 2874 547 2912 6,
570 2876 614 2916 3).

211 2920 397 2950 alterum...
404 2920 569 2955 alterum,
583 2918 751 2950 ‘thelatter
759 2917 824 2960 (Le.
832 2917 934 2960 dolor)

1008 1879 1104 1910 ...the
1120 1879 1242 1909 former
1255 1877 1322 1919 (i.e.
1345 1877 1460 1917 mors)’
1479 1888 1515 1909 as
1535 1878 1567 1909 in
1590 1879 1600 1909 i
1624 1880 1674 1919 38,
1702 1888 1740 1920 91
1758 1891 1765 1910 ε

1004 1922 1060 1953 the
1072 1927 1186 1953 neuter
1196 1922 1224 1953 is
1236 1922 1326 1958 used,
1338 1922 1427 1953 since
1439 1933 1593 1962 quorum,
1612 1921 1770 1964 referring

1003 1971 1038 1997 to
1054 1976 1161 1996 nouns
1185 1965 1222 1996 of
1236 1965 1389 1996 different
1409 1965 1560 2006 genders‚
1582 1966 1608 1996 is
1630 1970 1766 1997 neuter:

1002 2009 1051 2040 for
1075 2009 1170 2040 other
1189 2014 1320 2040 neuters
1343 2008 1501 2049 referring
1521 2014 1555 2039 to
1577 2019 1677 2040 masc.
1700 2009 1766 2040 and

1001 2053 1077 2084 fem.
1097 2063 1204 2083 nouns
1219 2052 1259 2083 cf.
1280 2052 1291 2083 i
1308 2062 1358 2092 24,
1381 2051 1442 2091 563
1466 2051 1501 2082 iii
1518 2065 1548 2092 4,
1569 2061 1597 2092 7.

1043 2097 1285 2134 ignominiam,
1298 2097 1493 2133 infamiam,
1516 2096 1524 2110 ‘
1537 2095 1695 2137 disgrace,
1710 2096 1765 2127 de-

1000 2139 1198 2179 gradation‚’
1217 2139 1257 2170 cf.
1277 2139 1319 2169 de
1342 2139 1427 2180 Rep.
1445 2139 1477 2168 iv
1498 2138 1528 2177 6,
1553 2139 1572 2171 6
1599 2141 1606 2154 ⁵
1620 2139 1765 2170 censoris

1000 2182 1157 2213 iudicium
1175 2182 1257 2213 nihil
1274 2181 1341 2213 fere
1358 2182 1516 2212 damnato
1532 2181 1594 2213 nisi
1610 2182 1764 2214 ruborem

999 2226 1126 2256 adfert:
1161 2225 1560 2267 itaque...animaduersio
1588 2225 1644 2256 illa
1672 2226 1764 2266 igno-

1001 2269 1102 2300 minia
1114 2268 1203 2300 dicta
1215 2275 1262 2300 est
1271 2268 1279 2282 '
1295 2269 1442 2300 whereas
1455 2268 1599 2309 infamia
1611 2268 1766 2300 involved

1000 2313 1056 2343 the
1072 2313 1138 2343 loss
1155 2312 1193 2343 of
1211 2312 1287 2344 civil
1304 2312 1428 2354 rights;
1454 2312 1510 2343 the
1531 2323 1621 2343 same
1642 2312 1763 2344 climax

999 2356 1034 2387 in
1050 2355 1081 2386 iv
1099 2366 1150 2394 2ο,
1170 2367 1222 2395 45.

1045 2401 1224 2430 non...sed
1247 2398 1358 2430 differs
1383 2398 1465 2430 from
1495 2409 1560 2428 non
1581 2399 1770 2430 modo...sea⁷

1003 2443 1101 2473 etiam
1119 2453 1126 2473 ι
1144 2442 1177 2473 in
1195 2443 1361 2473 non...sed
1371 2442 1426 2472 the
1441 2442 1581 2482 speaker
1596 2442 1767 2483 definitely

1002 2485 1157 2517 excludes
1194 2485 1278 2516 from
1318 2485 1561 2516 consideration
1604 2496 1646 2516 an
1691 2485 1766 2517 idea

1002 2529 1122 2565 which,
1147 2529 1295 2560 whether
1318 2533 1389 2559 true
1413 2539 1448 2559 or
1472 2528 1563 2563 false,
1588 2528 1614 2559 is
1637 2534 1695 2559 not
1718 2539 1767 2560 re-

1002 2573 1113 2604 levant
1137 2583 1174 2603 or
1196 2572 1224 2604 is
1243 2572 1462 2613 inadequate:
1487 2571 1521 2602 in
1544 2582 1608 2602 non
1633 2572 1761 2604 modo...

1001 2616 1168 2646 sedetiam
1184 2615 1227 2646 he
1247 2615 1395 2646 includes
1417 2614 1499 2645 both
1518 2619 1712 2647 statements
1732 2615 1767 2646 in

1003 2659 1099 2690 order
1111 2664 1145 2689 to
1158 2658 1344 2699 emphasize
1354 2658 1411 2689 the
1423 2662 1550 2698 greater
1562 2658 1768 2699 importance

1003 2702 1040 2733 of
1056 2703 1113 2733 the
1129 2702 1274 2733 second:
1300 2701 1342 2732 cf.
1361 2701 1421 2732 Ac.
1439 2701 1461 2732 ii
1487 2711 1538 2741 23,
1565 2711 1626 2740 73;
1652 2701 1719 2732 Off.
1744 2702 1766 2733 ii

1004 2747 1034 2783 8,
1055 2754 1113 2785 27;
1140 2745 1212 2776 Fin.
1233 2745 1244 2775 i
1263 2756 1292 2782 2,
1315 2745 1344 2777 6.
1379 2744 1535 2776 Contrast
1558 2744 1613 2775 the
1635 2755 1765 2786 expres-

1003 2789 1075 2820 sion
1099 2789 1132 2819 in
1159 2788 1232 2819 Fin.
1254 2788 1264 2819 i
1287 2798 1335 2828 13,
1357 2799 1398 2828 43
1423 2787 1766 2830 ‘cupiditates...quae

1002 2842 1069 2863 non
1100 2832 1201 2863 modo
1231 2831 1377 2872 singulos
1406 2831 1568 2868 homines,
1603 2831 1660 2862 sed
1695 2832 1766 2862 uni-

1002 2885 1114 2907 uersas
1143 2875 1284 2906 familias
1322 2878 1484 2912 euertunt,
1525 2879 1629 2905 totam
1667 2875 1766 2906 etiam

1004 2918 1204 2950 labefactant
1219 2928 1319 2959 saepe
1335 2928 1403 2949 rem
1419 2917 1610 2959 publicam.'
