1913 3132
142 92 239 136 —7.
266 94 335 148 18]
682 93 877 135 LIBER
913 92 1211 143 QVINTVS

1665 99 1747 141 217

144 221 246 248 eum
288 222 369 249 nec
402 221 542 261 angor
577 207 783 260 attingat,
817 205 1025 258 idemque
1067 205 1101 244 si
1144 203 1252 244 nihil
1294 203 1592 255 concupiscat,
1627 201 1748 242 nulla

85 291 126 327 35
145 275 361 317 ecferatur
384 276 520 317 animi
550 276 669 316 inani
702 275 944 328 uoluptate,
966 273 1072 326 quid
1096 279 1163 313 est
1192 286 1269 312 cur
1295 273 1330 312 is
1360 285 1448 312 non
1480 271 1636 312 beatus
1667 271 1748 311 sit?

145 351 190 385 et
216 345 250 385 si
277 345 385 386 haec
407 346 571 386 uirtute
593 344 852 393 efficiuntur,
875 343 982 397 quid
1005 348 1073 383 est
1095 355 1172 382 cur
1194 342 1333 381 uirtus
1356 341 1452 394 ipsa
1480 354 1557 393 per
1584 353 1630 380 se
1659 353 1746 379 non

145 413 307 455 efficiat
329 414 511 455 beatos?

232 483 339 524 VII.
381 483 524 536 Atqui
546 483 733 524 alterum
752 482 837 522 dici
856 495 943 522 non
962 485 1110 534 potest
1127 478 1233 532 quin
1257 479 1285 518 ii
1308 479 1382 531 qui
1402 477 1510 518 nihil
1535 483 1751 524 metuant,

144 551 252 592 nihil
282 558 513 605 angantur,
543 551 650 592 nihil
681 551 1008 604 concupiscant,
1038 548 1160 589 nulla
1189 547 1410 601 inpotenti
1438 546 1608 587 laetitia
1637 545 1749 586 ecfe-

145 628 307 671 rantur,
340 622 458 662 beati
492 622 590 671 sint,
622 622 771 674 itaque
803 619 845 660 id
878 620 959 660 tibi
991 618 1208 667 concedo;
1250 617 1438 657 alterum
1472 622 1623 656 autem
1657 615 1745 655 iam

145 691 365 744 integrum
399 705 487 732 non
518 698 597 733 est.
648 690 944 744 superioribus
976 689 1093 729 enim
1126 686 1505 740 disputationibus
1538 684 1747 725 effectum

104 778 122 812 5
143 767 210 801 est
231 774 389 801 uacare
410 761 531 800 omni
554 760 689 800 animi
714 758 1046 813 perturbatione
1068 757 1328 810 sapientem.

229 830 295 871 18.
339 830 559 869 Nimirum
582 829 716 882 igitur
737 828 939 868 confecta
960 841 1026 867 res
1049 832 1135 875 est3
1157 826 1332 866 uidetur
1353 824 1472 864 enim
1491 823 1548 863 ad
1572 824 1745 863 exitum

142 900 315 940 uenisse
336 900 548 952 quaestio.

231 966 559 1020 Propemodum
584 966 627 1007 id
650 966 842 1020 quidem.
1413 1003 1416 1007 .

229 1037 396 1077 Verum
425 1043 576 1077 tamen
610 1035 1026 1076 mathematicorum
1058 1034 1140 1073 iste
1171 1045 1266 1072 mos
1295 1037 1372 1080 est,
1400 1044 1489 1070 non
1512 1036 1579 1070 est
1606 1029 1749 1083 philo-

82 1123 121 1145 10
140 1105 392 1158 sophorum.
430 1118 533 1145 nam
557 1111 811 1158 geometrae
833 1117 933 1144 cum
957 1102 1122 1155 aliquid
1140 1101 1299 1142 docere
1316 1099 1484 1148 uolunt,
1507 1099 1542 1138 si
1561 1097 1667 1151 quid
1691 1098 1748 1139 ad

141 1187 240 1214 eam
273 1187 364 1214 rem
397 1173 588 1226 pertinet
620 1187 772 1213 eorum
806 1185 920 1225 quae
953 1178 1056 1212 ante
1088 1170 1348 1216 docuerunt,
1378 1167 1421 1208 id
1454 1173 1638 1208 sumunt
1670 1180 1750 1220 pro

143 1256 354 1283 concesso
391 1249 435 1283 et
472 1242 671 1295 probato,
704 1241 811 1281 illud
846 1241 981 1281 modo
1017 1239 1248 1292 explicant
1281 1237 1337 1277 de
1373 1250 1463 1290 quo
1500 1242 1604 1276 ante
1640 1235 1749 1275 nihil

144 1313 356 1366 scriptum
375 1318 460 1362 est3
492 1311 743 1365 philosophi
758 1322 1086 1364 quamcumque
1101 1322 1192 1348 rem
1211 1307 1378 1347 habent
1401 1306 1444 1346 in
1464 1303 1681 1354 manibus,
1705 1305 1749 1344 in

144 1395 242 1422 eam
275 1395 388 1435 quae
416 1381 688 1421 conueniunt
710 1386 955 1433 congerunt
977 1378 1140 1426 omnia,
1161 1377 1245 1417 etsi
1279 1376 1366 1416 alio
1396 1375 1494 1415 loco
1521 1375 1751 1428 disputata

87 1464 125 1498 15
145 1457 258 1491 sunt.
300 1451 419 1504 quod
452 1451 496 1491 ni
526 1452 588 1491 ita
612 1458 740 1498 esset,
766 1464 842 1490 cur
871 1449 1060 1496 Stoicus,
1089 1447 1125 1486 si
1153 1451 1270 1486 esset
1299 1444 1551 1497 quaesitum
1585 1443 1752 1483 satisne

146 1520 201 1560 ad
226 1521 356 1561 beate
385 1520 627 1561 uiuendum
657 1520 795 1560 uirtus
823 1524 983 1572 posset,
1007 1516 1148 1557 multa
1178 1516 1373 1555 diceret?
1404 1513 1474 1553 cui
1503 1513 1611 1553 satis
1640 1519 1756 1553 esset

146 1590 410 1643 respondere
427 1602 473 1629 se
490 1595 593 1629 ante
609 1587 812 1628 docuisse
830 1586 937 1627 nihil
954 1586 1121 1626 bonum
1139 1597 1246 1632 esse,
1266 1583 1347 1621 nisi
1370 1581 1489 1634 quod
1512 1581 1750 1621 honestum

211 1684 263 1715 35.
294 1674 454 1706 ecferatur
466 1674 496 1705 R
513 1674 543 1703 V
560 1673 591 1705 G
609 1673 647 1704 B.
737 1673 889 1704 efferatur
908 1672 932 1702 P
979 1671 1005 1701 B
1021 1681 1038 1710 3
1087 1669 1130 1699 W
1146 1679 1157 1699 1
1174 1679 1189 1699 2
1233 1668 1253 1709 J
1292 1667 1322 1699 O
1337 1676 1365 1707 7.
1456 1666 1655 1697 hoecferatur
1672 1666 1705 1697 K
1725 1676 1752 1697 1.

144 1717 266 1750 feratur
282 1718 312 1749 O
330 1728 356 1749 1.

211 1796 290 1826 VII.
331 1805 357 1826 1.
390 1795 471 1837 quin
488 1794 522 1825 hi
539 1794 570 1826 G
589 1795 626 1824 B.
801 1804 832 1824 2.
863 1766 1003 1832 aNgantur
1020 1791 1049 1821 V
1065 1795 1131 1821 atr.
1150 1794 1222 1820 ant.
1240 1793 1400 1828 superscr.
1475 1790 1486 1823 ΙΙ
1575 1786 1751 1827 impotenti

148 1874 178 1904 R
195 1873 224 1903 V
241 1873 272 1904 G
290 1872 317 1903 B
335 1872 369 1905 S.
473 1871 637 1913 inpotenti
655 1871 695 1902 E.
801 1870 835 1901 in
851 1868 978 1911 potenti
996 1867 1026 1899 O
1042 1878 1072 1907 3.
1119 1870 1130 1903 ΙΙ
1177 1839 1334 1897 ecferantr
1354 1864 1386 1894 V
1432 1864 1458 1894 Β
1478 1874 1503 1894 1.
1607 1862 1752 1894 ecferant

1252 1908 1429 1939 efferantur
1447 1908 1472 1938 P
1518 1907 1545 1937 B
1557 1917 1574 1946 3
1621 1907 1643 1938 S
1692 1906 1721 1937 E
1733 1916 1750 1937 2

1482 1950 1659 1982 efferentur
1677 1950 1707 1980 R
1720 1948 1751 1981 6.

148 1917 178 1947 R
196 1916 238 1948 G.
385 1915 553 1959 hgcferant
572 1916 605 1946 K
622 1925 634 1945 1
654 1925 690 1945 ec
707 1914 743 1944 in
759 1914 820 1956 hec
836 1918 901 1944 atr.
919 1913 1008 1952 nigr.
1027 1915 1108 1941 mut.

146 1960 251 1990 W12
291 1959 391 1990 M12
432 1959 544 2000 ΟΠ]
583 1959 734 1998 O1-37.
824 1956 1071 1988 efferantho.

146 2003 291 2035 ferantur
308 2003 335 2033 B
350 2013 379 2033 2.
470 2012 500 2041 5.
534 2002 642 2033 uacari
660 2002 701 2032 G.

211 2047 228 2085 ἓ
244 2049 295 2084 18,
312 2055 343 2087 9.
374 2052 601 2077 uerumtamen
618 2046 649 2076 R
665 2045 696 2075 V
714 2044 744 2076 G
763 2044 805 2074 K.
984 2046 1200 2072 ueruntamen
1217 2040 1244 2070 B
1262 2039 1296 2071 S,
1491 2037 1538 2068 16.
1573 2037 1690 2067 beatae
1707 2035 1751 2067 G.

151 2098 201 2129 17.
232 2100 266 2121 se
281 2094 359 2120 ante
374 2089 525 2121 docuisse
542 2089 573 2120 R
585 2088 605 2120 6
617 2097 633 2129 7
652 2096 687 2128 17
728 2087 762 2118 K
774 2098 789 2118 2
832 2087 860 2117 Ε
874 2096 891 2126 3
932 2085 960 2116 L
974 2094 990 2125 5
1030 2085 1074 2114 W
1089 2094 1100 2115 1
1120 2094 1135 2114 2
1176 2083 1206 2115 O
1219 2093 1236 2123 3
1254 2083 1304 2114 ed.
1325 2082 1370 2112 H.
1443 2090 1477 2111 se
1494 2085 1569 2111 ante
1586 2080 1752 2111 docuisset

149 2134 180 2163 Π
197 2138 210 2164 t
225 2137 373 2173 exparte
385 2143 468 2164 eras.
677 2141 712 2163 se
727 2136 804 2162 ante
822 2130 848 2161 C
865 2129 1015 2161 docuisse
1031 2138 1094 2158 om.
1302 2136 1337 2156 se
1353 2128 1409 2155 asit
1425 2123 1576 2155 docuisse
1593 2124 1625 2154 D
1672 2123 1703 2154 O
1719 2131 1749 2162 7.

147 2187 182 2208 se
198 2176 276 2208 satis
292 2181 368 2207 ante
383 2176 534 2207 docuisse
549 2176 567 2217 J
613 2175 644 2207 O
662 2185 689 2206 1.
930 2172 988 2203 sed
1004 2170 1261 2218 ante-docuisset
1280 2170 1305 2200 P
1322 2179 1426 2209 marg.
1446 2178 1480 2199 se
1496 2173 1573 2199 ante
1589 2166 1752 2198 docuisse.

147 2253 206 2285 sed
221 2259 298 2284 ante
314 2253 479 2284 docuisset
497 2253 528 2284 R
544 2252 575 2284 G
622 2252 648 2282 B
669 2263 678 2282 r
694 2262 710 2282 2
759 2251 793 2282 Κ
810 2260 821 2281 1
871 2250 900 2280 E
918 2260 944 2280 1.
1063 2222 1121 2289 sed
1137 2251 1214 2278 ante
1229 2246 1395 2277 docuisset
1412 2245 1443 2274 V
1459 2249 1523 2280 atr.
1545 2244 1653 2275 uiridi
1668 2247 1749 2273 mut.

147 2297 174 2329 si
191 2303 267 2328 ante
283 2296 447 2328 docuisset
464 2296 491 2327 B
503 2306 520 2337 3
567 2296 596 2326 E
610 2306 625 2326 2
674 2296 709 2326 Μ
728 2305 739 2325 1
755 2304 772 2325 2
820 2293 851 2325 O
867 2303 896 2324 2.
1453 2292 1456 2294 ’

1158 1958 1190 1983 et
1207 1952 1311 1983 ferant
1330 1952 1358 1982 E
1373 1962 1400 1982 1.

981 2351 1142 2393 quin...se
1161 2351 1291 2381 hostem
1313 2348 1498 2380 confesssus
1515 2347 1557 2378 sit
1569 2346 1577 2360 '
1593 2357 1600 2382 ;
1626 2346 1699 2377 Fin.
1721 2346 1754 2376 iv

987 2405 1035 2435 13,
1051 2404 1090 2435 32
1103 2393 1228 2436 quoted
1242 2393 1285 2433 by
1298 2393 1459 2432 Draeger,
1474 2392 1569 2431 Synl.
1585 2398 1612 2420 11
1627 2401 1660 2431 p.
1675 2389 1751 2429 641.

1026 2439 1410 2473 a1terum...integrum
1447 2442 1517 2465 non
1554 2436 1628 2464 est:
1673 2434 1681 2447 ‘
1697 2433 1753 2463 the

983 2481 1107 2513 second
1124 2481 1216 2521 point
1233 2481 1260 2511 is
1276 2489 1319 2510 no
1335 2478 1450 2519 longer
1466 2487 1554 2518 open
1571 2482 1606 2507 to
1628 2476 1753 2507 discus-

984 2523 1090 2556 sion':
1109 2523 1160 2555 for
1177 2524 1344 2564 integrum
1367 2522 1409 2553 cf.
1432 2532 1485 2557 21,
1509 2519 1562 2557 62,
1577 2520 1652 2550 Liv.
1675 2518 1753 2550 xxvi

148 2356 257 2387 which
273 2356 301 2388 is
321 2356 412 2397 quite
428 2360 486 2387 out
501 2356 539 2387 of
558 2355 674 2396 place3
698 2354 754 2385 the
775 2353 913 2393 reading

149 2399 307 2430 favoured
341 2399 385 2440 by
422 2399 533 2430 Bentl.
571 2409 654 2440 quae
691 2398 848 2437 cuiquam
887 2396 914 2427 is

149 2443 299 2484 superior
311 2447 345 2474 to
355 2453 440 2483 quae
450 2444 567 2484 cuique
576 2442 635 2472 but
646 2441 739 2472 lacks
749 2440 914 2482 adequate

151 2494 229 2517 MSS.
246 2492 395 2527 support.

192 2537 236 2560 ex
251 2534 403 2565 quo=ut
416 2540 454 2560 ex
469 2539 513 2565 eo,
533 2532 540 2545 ‘
552 2539 589 2560 so
605 2528 688 2565 that,
701 2538 737 2558 as
754 2537 773 2558 a
789 2525 914 2558 result.'

192 2574 356 2610 idemque
371 2575 477 2604 si=et
490 2573 523 2603 sz‘
541 2573 646 2608 idenm
670 2571 726 2602 the
747 2576 914 2601 construc-

150 2616 221 2647 tion
244 2616 271 2647 is
293 2616 411 2657 quodsi
431 2621 476 2647 est
494 2615 706 2656 qui...ducat‚
728 2618 760 2644 et
780 2614 809 2643 sz'
829 2614 914 2644 idem

150 2659 245 2690 m'lzz‘l
253 2660 465 2699 concupiscat,
477 2659 534 2690 the
547 2658 669 2690 second
679 2657 711 2688 si
723 2656 821 2698 being
834 2667 853 2686 a
866 2666 914 2687 re-

151 2702 292 2744 petition
315 2702 398 2734 after
422 2702 478 2733 the
502 2700 719 2743 parenthesis,
746 2700 811 2731 and
831 2700 914 2730 idem

150 2745 251 2787 being
266 2751 324 2788 put
340 2750 374 2776 at
390 2745 445 2776 the
462 2744 645 2786 beginning
667 2744 704 2775 of
723 2744 780 2774 the
803 2743 913 2774 clause

151 2796 185 2822 to
210 2790 308 2821 make
332 2790 419 2820 clear
442 2789 515 2820 that
537 2789 592 2819 the
617 2787 740 2819 second
761 2786 914 2818 si-clause

150 2836 270 2866 relates
285 2839 320 2864 to
337 2832 392 2864 the
409 2842 500 2863 same
516 2831 654 2871 subject.

193 2877 277 2909 VII.
309 2877 379 2907 diei
404 2884 474 2906 non
497 2877 617 2913 potest
642 2875 750 2911 quin:
785 2873 834 2904 for
859 2872 915 2903 the

150 2927 270 2954 constr.
287 2919 330 2952 cf.
343 2919 426 2950 Phil.
438 2918 472 2950 iii
483 2920 559 2955 8,21
581 2921 588 2935 ‘
600 2917 681 2959 quid
691 2921 799 2956 potest
807 2916 916 2947 dicere

986 2576 1035 2608 15,
1067 2578 1099 2610 9,
1126 2578 1160 2607 p.
1190 2566 1302 2607 Ligar.
1325 2566 1335 2596 i
1364 2575 1375 2595 1
1411 2568 1418 2581 ‘
1431 2563 1657 2596 confitendum
1689 2567 1750 2599 est,

983 2612 1112 2652 opinor,
1130 2609 1322 2651 praesertim
1339 2619 1414 2639 cum
1434 2618 1526 2638 meus
1548 2605 1752 2637 necessarius

985 2655 1092 2685 Pansa
1103 2654 1215 2685 fecerit
1226 2657 1261 2683 ut
1271 2652 1305 2683 id
1316 2652 1478 2692 integrum
1492 2650 1556 2681 iam
1563 2660 1630 2680 non
1641 2654 1736 2680 esset.
1745 2647 1752 2661 ’

1026 2699 1108 2736 §18.
1143 2698 1190 2727 ad
1212 2704 1291 2727 eam
1312 2703 1388 2726 rem
1411 2694 1512 2725 refers
1535 2698 1570 2724 to
1593 2693 1751 2733 aliquid:

983 2752 1019 2772 ea
1035 2751 1086 2772 res
1098 2741 1125 2772 is
1138 2740 1218 2771 used
1229 2744 1264 2770 to
1277 2738 1376 2769 avoid
1389 2737 1446 2768 the
1462 2736 1639 2778 repetition
1656 2735 1695 2766 of
1706 2735 1752 2766 id.

1026 2785 1251 2817 conueniunt,
1271 2785 1278 2798 ⁴
1293 2792 1348 2812 are
1361 2781 1528 2823 pertinent
1539 2779 1565 2816 ';
1582 2779 1623 2811 cf.
1637 2779 1713 2809 Inu.
1730 2778 1755 2810 ii

986 2838 1016 2868 5,
1050 2826 1088 2858 16
1119 2829 1126 2842 ‘
1137 2827 1201 2857 hoc
1231 2823 1555 2865 autem...oportebit
1581 2823 1753 2853 attendere

984 2881 1052 2902 non
1089 2869 1197 2901 omnis
1241 2869 1302 2908 [sc.
1340 2867 1431 2899 locos
1473 2866 1679 2905 communes]
1717 2865 1753 2897 in

984 2924 1117 2946 omnem
1134 2923 1267 2944 causam
1283 2908 1486 2944 conuenire.’
