1913 3132
184 96 263 147 156
399 97 957 139 TVSCVLANARVM
982 97 1556 140 DISPVTATJONVM
1610 99 1696 152 [22.
1717 110 1774 150 49

141 207 323 261 Sipsum
363 210 616 259 Hectorem,
647 225 778 264 quem
813 210 869 251 ad
906 210 1086 250 modum
1124 217 1192 251 est
1229 210 1346 263 apud
1388 210 1647 259 Homerum,
1678 217 1774 251 toto

180 282 356 329 pectore
381 284 642 319 trementem
672 292 936 332 prouocasse
965 279 1020 319 ad
1048 292 1244 332 pugnam
1272 279 1526 331 paeniteret.
1567 284 1700 332 atque
1731 279 1775 318 hi

179 345 399 387 conlocuti
438 347 551 388 inter
587 362 643 396 se,
676 348 794 401 prius
831 361 964 400 quam
1003 361 1183 388 manum
1221 354 1512 396 consererent,
1545 347 1699 388 leniter
1731 353 1776 388 et

179 414 326 466 quiete
348 415 454 456 nihil
478 430 533 457 ne
555 417 598 456 in
622 417 717 470 ipsa
738 416 918 468 quidem
934 429 1084 468 pugna
1101 415 1308 455 iracunde
1325 415 1552 457 rabioseue
1569 416 1776 457 fecerunt.

178 495 262 535 ego
299 497 353 524 ne
395 484 671 538 Torquatum
706 485 886 538 quidem
921 484 1043 524 illum
1081 484 1154 537 qui
1196 484 1278 524 hoc
1320 498 1567 536 cognomen
1609 484 1776 524 inuenit

122 565 160 588 10
180 550 337 592 iratum
365 554 575 594 existimo
598 553 728 594 Gallo
754 560 954 606 torquem
982 552 1241 602 detraxisse,
1263 566 1342 593 nec
1374 553 1633 594 Marcellum
1656 552 1774 606 apud

180 619 442 662 Clastidium
467 621 565 662 ideo
583 622 740 662 fortem
764 621 896 662 fuisse
917 621 1020 674 quia
1043 620 1170 661 fuerit
1193 621 1341 661 iratus.
1381 622 1447 663 50.
1484 622 1540 662 de
1562 621 1774 662 Africano

179 689 373 742 quidem,
400 691 503 744 quia
533 692 678 732 notior
702 698 769 732 est
796 691 922 731 nobis
952 697 1131 744 propter
1156 697 1375 731 recentem
1403 691 1674 740 memoriam,
1705 690 1775 731 uel

179 757 319 799 iurare
340 773 518 812 possum
543 774 630 800 non
654 760 776 800 illum
800 760 1026 800 iracundia
1048 766 1140 800 tum
1167 758 1490 799 inflammatum
1510 759 1652 809 fuisse,
1674 773 1774 800 cum

180 827 221 867 in
260 828 352 868 acie
388 829 449 869 M.
489 829 730 870 Allienium
762 829 1019 882 Paelignum
1052 835 1177 869 scuto
1210 830 1453 882 protexerit
1489 828 1776 882 gladiumque

243 930 272 962 6.
308 932 488 972 paeniteret
507 933 536 963 R
553 932 584 963 G
603 932 646 963 K.

178 981 247 1038 acghi
264 1007 294 1037 V
309 1012 372 1038 atr.
393 1012 464 1039 ant.
483 1014 642 1050 superscr.

745 932 905 975 peniteret
923 932 949 962 B
967 931 1000 963 S.
1104 931 1264 972 peniteret
1280 931 1311 961 V
1329 932 1353 962 P
1373 932 1410 962 E.
1460 934 1471 968 Η
1516 936 1616 972 atque
1631 930 1665 961 hi
1684 930 1715 960 R
1731 929 1774 962 G.

842 1018 872 1048 7.
904 1008 1069 1040 conlocuti
1088 1008 1118 1038 R
1134 1008 1165 1038 V
1181 1008 1211 1039 G
1231 1009 1257 1039 B
1275 1008 1308 1039 K
1326 1008 1366 1039 E.

179 1093 209 1125 9.
238 1094 279 1114 ne
296 1089 485 1125 torquatum
500 1086 530 1116 R
546 1086 576 1115 V
595 1086 636 1117 G.
707 1060 853 1127 rgiorqatfi
872 1085 900 1115 E
918 1095 942 1115 1.
1015 1095 1048 1115 re
1066 1090 1116 1115 tor
1131 1088 1233 1126 quatu
1252 1085 1278 1115 B
1294 1095 1320 1115 1.
1390 1095 1449 1116 nec
1465 1089 1654 1125 torquatum
1673 1084 1703 1114 R
1717 1091 1746 1123 7
1764 1086 1776 1120 ΙΙ

177 1127 936 1169 quihoccognomeninuenitR2671017
985 1128 1009 1158 P
1057 1128 1114 1168 133
1163 1128 1226 1158 K2
1275 1129 1363 1168 Ε23
1412 1128 1470 1168 L5
1519 1128 1620 1158 W12
1670 1128 1775 1158 Μ12

180 1170 340 1211 DCIIJ
387 1171 473 1202 Or-
453 1173 557 1213 378
574 1172 626 1203 ed
647 1173 691 1203 H.
843 1171 1483 1212 qu1hoccogfleffl÷n0mmuemtE1
1640 1169 1778 1212 quihoc

180 1215 334 1256 cognouit
365 1225 485 1255 nomen
517 1215 643 1247 inuenit
674 1215 705 1245 V
735 1215 793 1257 qui
820 1215 883 1246 hoc
915 1224 977 1255 cog
1127 1215 1206 1245 non—i
1236 1214 1361 1247 inuenit
1395 1215 1448 1245 B1
1484 1225 1549 1244 ras.
1580 1219 1656 1244 ante
1688 1224 1777 1246 nom·

1319 1265 1335 1282 Ο

1155 1302 1203 1323 10.
1233 1291 1449 1333 galla,torque
1467 1290 1688 1322 uedetraxisse
1703 1291 1731 1322 E
1750 1302 1777 1322 1.

1566 1006 1721 1038 collocuti
1739 1006 1773 1038 S.

177 1291 234 1333 qui
251 1291 313 1358 hqc
331 1292 487 1333 cognouit
504 1302 625 1323 nomen
643 1292 769 1323 inuenit
788 1293 817 1322 R
834 1292 865 1323 G
905 1292 931 1322 B
946 1301 962 1321 2
1004 1290 1037 1321 K
1053 1301 1080 1321 1.

266 1342 281 1359 C

183 1381 231 1401 11.
265 1369 445 1399 dastidium
463 1370 493 1401 G
510 1370 578 1400 ead.
597 1380 685 1400 man.
706 1375 866 1410 superscr.

243 1413 657 1452 §50‚14.inacieR67
697 1413 727 1442 V
766 1413 824 1452 133
865 1412 887 1443 S
928 1411 985 1441 Ez
1026 1411 1095 1442 Wr
1139 1412 1237 1442 M12
1279 1412 1360 1442 DH
1409 1411 1514 1451 013.
1614 1410 1775 1451 acieO7.

179 1457 212 1487 in
229 1458 317 1497 aiace
333 1457 403 1487 acie
421 1457 459 1487 C.
552 1457 584 1487 in
598 1457 667 1487 acie
686 1457 716 1486 R
735 1456 759 1486 P
805 1456 832 1486 B
847 1465 863 1486 2
910 1455 927 1494 J
946 1454 998 1485 ed.
1018 1454 1065 1484 H.
1156 1454 1188 1485 in
1205 1454 1309 1486 aciem
1326 1454 1356 1486 G
1376 1455 1402 1485 B
1450 1455 1482 1485 K
1500 1465 1511 1484 1
1530 1464 1545 1484 2
1594 1454 1623 1484 Ε
1640 1464 1652 1484 1
1702 1454 1732 1485 O
1746 1455 1777 1485 8.

179 1500 276 1532 fuisse
305 1501 347 1530 W
363 1511 379 1531 2
412 1511 518 1541 marg.
552 1503 591 1531 cu
621 1504 632 1531 i
658 1500 738 1530 acie.
818 1501 829 1534 ΙΙ
891 1498 940 1528 Μ.
962 1497 1154 1528 alliennium
1185 1499 1216 1529 D
1234 1498 1261 1530 C
1281 1499 1331 1529 M.

180 1545 227 1574 M.
249 1544 395 1575 Allieniu
413 1544 455 1574 W
470 1554 496 1574 1.
638 1542 866 1574 malliennium
882 1542 924 1572 V.
1068 1542 1259 1573 malienium
1278 1542 1308 1573 O
1323 1551 1352 1572 2.

179 1587 370 1619 mascellum
389 1588 414 1618 Β
433 1598 458 1618 1,
561 1586 683 1618 alienia
700 1586 723 1618 S
741 1596 847 1627 marg.
868 1586 917 1653 llVI.
1024 1585 1217 1616 alliennium
1236 1586 1266 1615 R
1284 1586 1309 1615 P
1328 1586 1353 1615 B
1372 1585 1414 1615 K.

178 1665 350 1696 Alliennisi
363 1665 383 1705 J
430 1664 473 1693 W
487 1674 502 1694 2
522 1674 625 1704 mazg.
647 1663 767 1694 alienu.
844 1663 1023 1695 aliennium
1041 1663 1071 1695 G
1087 1663 1156 1693 ead.
1173 1673 1263 1692 man.
1281 1667 1436 1702 superscr.

179 1708 335 1739 allienum
354 1709 380 1738 B
395 1717 412 1747 3
461 1708 488 1738 Ε
502 1718 517 1738 2
566 1708 609 1737 Π.
715 1707 894 1738 aliennium
915 1708 942 1738 E
957 1718 969 1738 1
1019 1707 1049 1739 Ο
1064 1708 1094 1738 8.
1198 1705 1319 1736 alieniu
1338 1705 1371 1736 K
1384 1714 1414 1734 2.

179 1751 322 1782 alienum
341 1752 375 1781 M
394 1761 406 1782 1
456 1751 485 1782 O
505 1762 515 1781 1
533 1760 561 1790 7.
683 1750 725 1780 ad
744 1750 854 1780 Enniu
871 1751 922 1781 ed.
946 1751 993 1781 H.
1044 1754 1055 1786 Η
1108 1749 1297 1790 paelignum
1317 1749 1346 1778 R
1364 1748 1407 1780 G.

180 1805 221 1836 pe
238 1795 329 1836 ligna
346 1795 385 1825 V.
480 1794 647 1835 pelignum
667 1794 691 1824 P
709 1794 735 1824 B
754 1794 787 1824 K
804 1793 826 1825 S
847 1794 874 1825 E
920 1794 963 1824 W
981 1804 991 1824 1
1042 1794 1074 1824 D
1091 1793 1164 1824 alii.

1490 1497 1670 1528 Halienum
1703 1497 1774 1528 R6.

1478 1541 1682 1571 maltienium
1702 1541 1731 1571 R
1747 1549 1776 1580 7.

1518 1584 1572 1615 alli
1590 1583 1690 1615 ennifi
1707 1584 1733 1615 B
1749 1595 1778 1616 2.

1514 1661 1684 1691 allienium
1702 1660 1732 1692 Ο
1746 1670 1776 1701 3.

1517 1705 1675 1735 allicnum
1694 1705 1729 1734 M
1746 1714 1775 1734 2.

1519 1758 1580 1788 pae
1596 1747 1687 1788 ligna
1705 1748 1731 1778 B
1746 1757 1775 1778 2.

222 1873 339 1908 ipsum
370 1873 566 1902 Hectorem:
615 1870 682 1902 Cic.
725 1870 817 1911 gives
855 1870 943 1901 what

182 1915 326 1946 F.A.W.
340 1915 420 1945 calls
434 1917 469 1944 ‘a
479 1914 661 1945 somewhat
673 1920 787 1953 strong
797 1913 942 1944 version'

180 1959 219 1989 of
232 1957 387 1989 Homer's
403 1956 624 1997 lines‘'E1<7·opi
642 1955 670 1986 τ’
687 1955 772 1996 αὐτῷ
790 1958 884 1994 θυμὸς
900 1958 945 1987 ἐνὶ

180 2002 337 2039 στήθεσσι
361 2001 528 2031 πάτασσεν
550 2000 553 2040 Ι
576 1999 649 2031 ἄλλ’
668 2002 770 2031 οὔπως
788 2001 836 2031 ἔτι
857 2001 944 2038 εἶχεν

181 2046 354 2084 ὑποτρέσαι
379 2042 444 2074 οὐδ’
472 2045 634 2074 ἀναδῦναι.
679 2043 788 2074 Ern.’s
815 2043 944 2074 remark

181 2091 188 2104 ‘
204 2089 266 2119 hoc
292 2098 359 2118 non
386 2092 436 2118 est
463 2087 550 2128 apud
583 2087 781 2122 Homerum,
810 2097 869 2117 nec
899 2086 945 2117 ibi

180 2136 393 2172 reppererunt
410 2131 555 2162 ueteres⁷
574 2140 652 2171 goes
673 2130 783 2160 rather
799 2129 857 2160 far.

223 2182 443 2212 prouocat-me,
461 2177 468 2190 ‘
477 2172 805 2212 issuedachallenge'
817 2184 825 2210 ;
842 2173 945 2203 Hom.

181 2219 222 2249 Il.
239 2218 284 2248 vii
301 2217 342 2249 66
355 2217 388 2248 ff.
408 2217 516 2248 where
535 2218 662 2248 Hector
678 2216 866 2256 challenges
881 2226 946 2255 any

181 2262 218 2293 of
230 2262 285 2292 the
298 2262 444 2301 ἀριστῆες
458 2262 656 2298 Παναχαιῶν
667 2260 742 2290 who
755 2260 860 2300 might
872 2270 945 2290 care

180 2310 215 2336 to
232 2304 313 2346 fight
330 2304 363 2335 in
379 2304 484 2345 single
498 2304 642 2336 combat.

223 2350 314 2378 nihil
341 2356 386 2379 ne
443 2349 604 2385 quidem:
645 2346 694 2377 for
719 2357 802 2377 ne...
813 2346 945 2387 quidem

182 2392 261 2422 with
283 2391 461 2432 preceding
485 2390 637 2431 negative
660 2390 701 2420 cf.
725 2390 734 2420 i
759 2400 809 2429 23,
837 2399 898 2429 53;
922 2389 944 2419 ii

182 2446 234 2475 23,
260 2435 322 2475 56;
355 2435 463 2465 Amic.
483 2445 512 2470 2,
535 2443 593 2471 10;
628 2433 786 2474 Draeger,
808 2433 904 2473 Synt.
930 2439 942 2462 1

180 2480 197 2516 ἓ
215 2481 264 2509 82.
298 2479 329 2509 It
346 2478 371 2509 is
388 2484 444 2509 not
462 2488 538 2516 easy
555 2483 588 2508 to
605 2487 658 2508 see
675 2477 773 2507 much
786 2475 944 2516 justifica-

181 2522 251 2553 tion
259 2522 307 2552 for
315 2521 459 2553 Cieero's
467 2526 643 2552 statement
650 2520 721 2551 that
727 2520 782 2551 the
792 2519 870 2550 duel
880 2529 945 2549 was

180 2565 367 2597 conducted
377 2564 515 2596 without
526 2564 602 2595 heat
610 2564 675 2594 and
682 2572 797 2603 anger:
817 2563 947 2593 Homer

183 2607 248 2649 (l.c.
263 2607 337 2647 256)
351 2619 424 2648 says
436 2610 493 2638 σύν
507 2607 533 2647 ῥ’
548 2609 676 2644 ἔπεσον,
691 2608 829 2637 λείουσιν
848 2604 945 2636 ἐοικό-

181 2663 232 2683 τες
253 2651 472 2691 ὠμοφάγοισιν
493 2651 512 2689 ἢ
533 2653 607 2682 συσὶ
627 2650 802 2688 κάπροισιν,
819 2648 947 2689 though

182 2696 260 2735 they
276 2700 424 2736 separate
440 2695 473 2726 in
491 2705 510 2725 a
525 2699 698 2726 courteous
719 2693 859 2724 fashion.

226 2740 460 2774 Torquatum:
496 2738 537 2768 T.
565 2737 710 2768 Manlius
741 2737 947 2777 Torquatum

182 2782 239 2813 the
266 2787 356 2822 story
381 2782 407 2813 is
434 2781 504 2813 told
528 2782 562 2821 in
586 2781 657 2812 Liv.
688 2780 731 2811 vii
759 2789 778 2821 9
797 2779 863 2810 and
896 2789 943 2810 10.

182 2825 288 2856 Aulus
315 2825 442 2856 Gellius
467 2825 499 2856 ix
532 2834 580 2863 13,
609 2832 625 2864 7
643 2834 716 2865 sqq.
745 2828 862 2864 quotes
890 2822 945 2853 the

181 2873 321 2899 account
344 2868 442 2909 given
465 2868 509 2908 by
526 2867 685 2900 Claudius
708 2865 947 2907 Quadrigarius

181 2912 216 2942 in
232 2911 287 2942 the
306 2911 374 2942 first
391 2911 479 2942 book
497 2911 534 2942 of
547 2910 597 2942 his
615 2911 759 2941 Annals.

1055 1871 1210 1900 inuenit:
1236 1869 1277 1900 cf.
1304 1868 1378 1899 Fin.
1404 1868 1413 1898 i
1442 1875 1471 1907 7,
1500 1877 1538 1907 23
1562 1867 1627 1898 ‘ita
1649 1877 1780 1908 prorsus

1013 1913 1167 1944 existimo
1189 1922 1296 1953 neque
1318 1922 1392 1942 eum
1415 1911 1621 1952 Torquatum
1644 1910 1699 1950 qui
1716 1910 1780 1941 hoc

1014 1957 1138 1998 primus
1164 1965 1349 1996 cognomen
1376 1954 1512 1991 inuenit,
1540 1960 1595 1984 aut
1628 1959 1779 1994 torquem

1014 2001 1107 2031 illum
1130 1999 1215 2030 hosti
1239 1997 1454 2034 detraxisse';
1481 1997 1545 2028 Off.
1571 1997 1605 2028 iii
1629 2007 1680 2036 31,
1707 2007 1778 2031 112,

1014 2044 1123 2074 where
1152 2043 1248 2073 Beier
1274 2041 1424 2082 explains
1450 2051 1621 2081 cognomen
1646 2040 1781 2070 inuenit

1014 2086 1190 2118 asz‘data
1216 2086 1278 2116 hac
1301 2084 1474 2116 occasione
1497 2084 1683 2125 appellatus
1706 2083 1779 2114 est!

1016 2130 1081 2160 For
1104 2130 1160 2160 the
1184 2128 1341 2160 insertion
1363 2129 1400 2158 of
1419 2128 1475 2158 the
1496 2127 1645 2167 defining
1665 2137 1703 2157 or
1725 2137 1778 2158 ex-

1015 2174 1188 2214 planatory
1205 2172 1262 2203 rel.
1283 2172 1393 2203 clause
1411 2171 1508 2201 illum
1531 2171 1615 2219 qui.
1624 2170 1778 2205 .“‚zmcemt

1015 2216 1239 2257 independent
1279 2215 1317 2246 of
1359 2215 1414 2245 the
1458 2214 1563 2244 oratio
1607 2213 1686 2250 obl„
1725 2223 1780 2244 see

1016 2261 1173 2300 Draeger,
1190 2260 1285 2299 Synt.
1307 2266 1334 2289 11
1357 2259 1373 2295 ξ
1392 2257 1465 2297 456,
1487 2267 1515 2288 2.

1056 2306 1235 2340 torquem.
1259 2301 1335 2332 ‘ubi
1348 2312 1423 2332 eum
1436 2300 1563 2338 euertit,
1578 2304 1675 2341 caput
1689 2310 1779 2340 prae·

1014 2347 1105 2381 cidit,
1125 2352 1274 2394 torquem
1291 2345 1433 2376 detraxit
1449 2354 1588 2384 eamque
1604 2343 1779 2399 s'anguinu-

1014 2391 1137 2420 lentam
1165 2389 1227 2420 sibi
1253 2389 1286 2420 in
1314 2389 1435 2419 collum
1460 2386 1626 2428 imponit.²
1657 2386 1775 2418 Claud.

1014 2433 1141 2473 Quadr.
1163 2438 1215 2473 ap.
1233 2432 1319 2464 Gell.
1340 2432 1390 2462 l..c

1056 2478 1272 2513 Marcellum,
1291 2475 1366 2506 who
1386 2484 1462 2505 won
1478 2473 1534 2504 the
1550 2473 1653 2513 spolia
1672 2472 1780 2513 opima

1014 2519 1098 2550 from
1109 2519 1337 2550 Viridomarus
1347 2523 1380 2548 at
1388 2516 1624 2549 Clastidiumin
1637 2525 1696 2546 222
1711 2523 1739 2545 Β.
1747 2523 1779 2546 c.

1016 2564 1102 2594 Plut.
1120 2563 1223 2593 Marc.
1244 2562 1288 2599 6;
1314 2561 1431 2602 Polyb.
1450 2560 1471 2591 ii
1490 2570 1541 2600 34.

1058 2608 1172 2643 apud:
1197 2616 1269 2636 exx.
1290 2605 1327 2636 of
1343 2605 1435 2645 apud
1451 2603 1531 2634 with
1547 2601 1780 2643 geographical

1015 2660 1130 2681 names
1146 2659 1200 2680 are
1217 2654 1275 2679 not
1285 2657 1485 2679 uncommon
1499 2646 1532 2678 in
1546 2646 1674 2677 Cicero.
1708 2645 1779 2675 Mo.

1015 2698 1133 2734 quotes
1155 2692 1164 2722 i
1191 2701 1242 2733 39,
1273 2702 1338 2733 94;
1362 2691 1494 2722 Cluent.
1523 2698 1552 2729 7,
1581 2697 1642 2725 21;
1669 2688 1748 2719 Diu.
1770 2687 1781 2718 i

1019 2744 1173 2775 54,123;
1200 2736 1293 2766 N..D
1316 2734 1350 2765 iii
1375 2743 1404 2774 5,
1427 2744 1487 2771 11;
1513 2733 1586 2763 Fin.
1606 2741 1697 2768 1122
1722 2739 1779 2771 73:

1019 2790 1069 2819 30,
1088 2787 1152 2820 97,
1179 2778 1244 2810 Off.
1265 2777 1299 2809 iii
1323 2787 1373 2817 3ο
1400 2786 1481 2817 109,
1507 2776 1600 2806 Fam.
1622 2775 1645 2805 ii
1671 2784 1720 2810 10,
1741 2782 1778 2814 33

1016 2823 1176 2862 Draeger,
1201 2822 1293 2862 Synt.
1328 2829 1339 2851 1
1370 2822 1387 2858 ἓ
1419 2829 1491 2859 253,
1521 2827 1551 2858 5,
1581 2818 1656 2849 who
1687 2822 1781 2848 notes

1016 2866 1087 2897 that
1114 2865 1178 2896 this
1203 2869 1324 2896 constr.
1353 2863 1379 2894 is
1405 2862 1507 2894 found
1532 2862 1610 2902 only
1636 2870 1719 2892 once
1746 2859 1780 2890 in

1018 2909 1103 2949 Livy
1120 2907 1192 2948 (xlii
1218 2907 1283 2948 12),
1302 2906 1434 2948 regards
1455 2906 1480 2937 it
1504 2915 1539 2936 as
1563 2915 1582 2935 a
1602 2902 1781 2944 colloquial
