1913 3132
137 497 154 531 5

117 839 155 861 10

176 98 257 126 222
404 87 961 130 TVSCVLANARVM
985 86 1559 129 DISPVTATJONVM

1642 88 1699 141 [9.
1723 100 1779 140 24

266 203 343 243 IX.
395 203 460 243 24.
513 203 613 242 Hoc
650 202 757 242 illud
793 208 861 242 est
898 200 1016 254 quod
1055 200 1389 253 Theophrastus
1426 202 1642 242 sustinere
1684 215 1773 242 non

175 271 329 324 potuit.
373 285 474 311 nam
502 285 600 311 cum
629 271 856 311 statuisset
881 270 1073 317 uerbera,
1097 275 1330 319 tormenta,
1353 271 1583 319 cruciatus,
1607 270 1774 322 patriae

174 340 435 388 euersiones‚
453 340 621 388 exsilia,
635 341 846 380 orbitates
863 352 1072 391 magnam
1092 339 1181 378 uim
1201 338 1363 379 habere
1380 339 1436 379 ad
1461 339 1577 380 male
1599 339 1775 379 misere-

174 422 260 461 que
282 409 535 457 uiuendum,
559 422 646 448 non
669 416 735 448 est
757 421 888 448 ausus
910 407 1025 446 elate
1047 413 1090 446 et
1113 407 1262 459 ample
1284 407 1403 460 loqui
1426 421 1527 448 cum
1551 408 1776 448 humiliter

174 477 451 531 demisseque
467 478 666 527 sentiret3
688 490 821 530 quam
838 477 959 525 bene,
972 490 1057 516 non
1074 476 1311 528 quaeritur,
1325 483 1582 517 constanter
1595 476 1775 529 quidem

174 554 301 588 certe.
342 549 490 603 itaque
513 548 619 588 mihi
642 547 815 601 placere
838 560 925 586 non
955 546 1067 586 solet
1096 547 1414 599 consequentia
1442 547 1779 600 reprehendere,

173 632 273 658 cum
297 619 438 671 prima
460 618 735 658 concesseris
778 617 847 656 hic
869 622 1018 656 autem
1041 616 1397 668 elegantissimus
1415 618 1615 657 omnium
1635 616 1776 669 philo-

174 688 412 740 sophorum
451 693 494 727 et
526 687 848 727 eruditissimus
883 698 971 724 non
1005 698 1274 738 magnopere
1309 685 1644 739 reprehenditur
1675 698 1775 725 cum

174 757 256 796 tria
285 770 445 809 genera
472 756 579 796 dicit
611 755 840 803 bonorum,
863 760 1053 794 uexatur
1081 760 1231 794 autem
1261 754 1318 794 ab
1347 753 1553 794 omnibus
1584 755 1775 807 primum

176 826 217 864 in
248 839 300 865 eo
329 825 439 865 libro
468 838 599 876 quem
630 824 803 876 scripsit
832 824 888 863 de
919 823 1010 863 uita
1037 823 1179 871 beata,
1202 824 1245 863 in
1278 837 1366 876 quo
1397 824 1537 864 multa
1565 824 1778 876 disputat,

174 908 308 948 quam
338 895 395 934 ob
425 908 515 934 rem
544 894 578 933 is
608 894 681 946 qui
712 899 979 946 torqueatur,
1012 893 1086 946 qui
1113 894 1341 943 crucietur,
1372 895 1527 934 beatus
1559 907 1655 934 esse
1686 908 1775 934 non

175 965 324 1016 possit.
381 963 424 1002 in
467 976 520 1002 eo
559 962 694 1002 etiam
745 968 926 1014 putatur
970 962 1116 1002 dicere
1160 962 1199 1002 in
1241 970 1384 1003 rotam
1422 963 1487 1016 (id
1529 969 1597 1003 est
1637 976 1777 1016 genus

173 1033 399 1086 quoddam
424 1033 632 1072 tormenti
659 1031 778 1085 apud
801 1031 1014 1083 Graecos)
1037 1032 1215 1072 beatam
1244 1034 1382 1073 uitam
1414 1047 1501 1073 non
1529 1033 1776 1074 escendere.

1500 1140 1686 1216 teopiiastus
1704 1175 1732 1205 E
1749 1185 1774 1207 1.

1455 1218 1714 1260 eligantissimus
1731 1219 1776 1249 K.

1584 1272 1614 1304 9.
1647 1262 1728 1293 dicit
1742 1262 1774 1303 J.

242 1176 305 1206 IX.
338 1177 354 1214 ξ
372 1178 423 1210 24,
446 1185 473 1205 ι.
506 1174 718 1216 teophrastus
736 1174 766 1204 R
783 1174 813 1203 V
830 1173 861 1205 G
879 1174 916 1204 B.
991 1174 1093 1215 teoph
1109 1179 1214 1205 rastus
1233 1175 1265 1205 K
1281 1185 1292 1205 1
1311 1186 1331 1206 a
1346 1185 1430 1206 eras.

175 1231 205 1260 3.
239 1219 338 1250 exilia
358 1219 386 1249 R
403 1219 433 1248 V
451 1218 481 1249 G
500 1218 526 1248 B
545 1218 577 1248 K
595 1217 617 1249 S
637 1218 676 1248 E.
806 1228 834 1257 7.
866 1217 1130 1258 elegantissimus
1149 1218 1180 1248 R
1196 1218 1226 1247 V
1243 1218 1273 1249 G
1292 1219 1329 1249 B.

174 1266 203 1296 8.
239 1262 477 1295 eruditissimus
495 1262 525 1291 R
542 1262 571 1291 V
589 1261 620 1293 G
639 1262 665 1292 B
684 1260 729 1291 K.
765 1264 775 1297 [l
877 1271 1079 1302 magnopere
1104 1261 1134 1292 R
1152 1261 1181 1291 V
1200 1262 1225 1292 P
1243 1262 1274 1293 G
1291 1262 1318 1293 B
1336 1262 1369 1293 K
1387 1262 1420 1294 S.

482 1315 503 1333 t

173 1341 226 1371 dic
243 1341 286 1370 W
301 1351 329 1371 2.
415 1339 480 1369 dici
513 1339 543 1368 V
560 1343 590 1369 et
607 1339 633 1369 B
650 1343 773 1369 atram.
790 1342 861 1369 ant.
879 1343 1039 1378 superscr.
1121 1338 1187 1370 dici
1207 1339 1235 1369 R
1253 1339 1284 1370 G
1302 1339 1334 1370 K
1352 1340 1391 1370 E.
1478 1349 1526 1370 12.
1560 1339 1593 1370 id
1609 1344 1658 1370 est
1673 1349 1777 1380 genus

173 1384 342 1425 quoddam
370 1383 526 1414 tormenti
557 1383 646 1423 apud
671 1392 807 1423 graecos
839 1382 869 1412 R
882 1392 898 1412 2
914 1392 952 1413 10
967 1389 1002 1421 17
1050 1382 1080 1411 V
1099 1383 1123 1412 P
1140 1382 1171 1413 G
1217 1382 1244 1413 B
1261 1393 1273 1413 1
1289 1394 1305 1414 2
1354 1383 1386 1413 K
1403 1393 1415 1414 ι
1466 1382 1488 1415 S
1536 1383 1564 1413 E
1581 1393 1593 1413 1
1609 1393 1625 1413 2
1674 1383 1702 1413 L
1716 1394 1779 1422 2—4

174 1428 205 1458 D
223 1428 250 1460 C
267 1429 297 1457 Π
343 1426 373 1458 O
392 1437 403 1457 1
423 1435 438 1465 7
456 1425 516 1457 Gr.
640 1425 731 1467 quod
747 1435 850 1466 genus
867 1425 1021 1456 tormenti
1038 1431 1086 1456 est
1102 1425 1191 1466 apud
1207 1436 1343 1466 graecos
1360 1426 1402 1456 W
1419 1437 1444 1457 1.
1574 1426 1606 1457 .i.
1623 1426 1657 1457 in
1674 1436 1777 1466 genus

172 1476 242 1502 cett.
263 1471 299 1501 M
316 1481 342 1501 1.
432 1469 466 1500 id
483 1474 531 1500 est
548 1469 582 1499 in
593 1479 697 1510 genus
713 1474 782 1499 cett.
800 1468 830 1500 O
844 1479 874 1508 3.
973 1469 1027 1499 uel
1043 1479 1146 1508 genus
1162 1474 1230 1500 cett.
1247 1470 1300 1500 ed.
1320 1470 1365 1501 H.
1416 1470 1445 1500 E
1460 1480 1477 1510 3
1495 1470 1551 1501 sed
1555 1470 1692 1510 punctis
1707 1474 1775 1500 nol.

173 1515 268 1545 habet
292 1514 321 1544 R
339 1524 350 1545 1
374 1518 410 1544 at
430 1514 520 1544 linea
542 1514 700 1544 subducta
716 1517 781 1543 atr.
805 1512 935 1543 recenti.
962 1523 1028 1543 non
1050 1513 1170 1543 habent
1187 1512 1247 1544 R6
1262 1512 1299 1544 16
1346 1514 1372 1544 B
1387 1523 1404 1553 3
1452 1513 1485 1543 K
1500 1523 1515 1543 2
1563 1513 1592 1543 L
1604 1523 1620 1553 5
1635 1513 1655 1544 6
1701 1513 1744 1543 W
1757 1523 1773 1543 2

175 1559 211 1589 Μ
228 1569 243 1589 2
289 1558 307 1598 J
355 1557 386 1588 O
402 1568 432 1588 2.
528 1567 576 1597 13.
608 1556 785 1587 escendere
802 1555 844 1585 V.
934 1556 1123 1587 escenderet
1142 1557 1173 1587 R
1188 1557 1230 1588 G.
1320 1557 1497 1588 ascendere
1517 1557 1545 1586 R
1558 1555 1577 1588 6
1622 1557 1646 1587 P
1686 1557 1712 1587 B
1728 1567 1739 1587 1
1757 1566 1775 1597 3

173 1602 195 1634 S
245 1601 272 1632 E
285 1611 301 1632 2
348 1601 391 1631 W
408 1612 418 1632 1
470 1600 505 1630 M
524 1611 535 1631 1
554 1610 570 1631 2
619 1600 649 1629 Π
697 1599 727 1630 O
743 1611 758 1631 2
775 1609 792 1640 3
807 1607 835 1639 7.
1012 1600 1227 1632 adscenderet
1244 1600 1270 1631 B
1285 1611 1315 1631 2.
1491 1600 1680 1631 ascenderet
1698 1599 1731 1630 K
1748 1610 1775 1630 1.

171 1679 328 1710 scandere
346 1678 417 1708 Wz
462 1678 481 1718 J
530 1677 561 1709 O
578 1687 603 1707 1.

171 1723 337 1763 actingere
355 1722 392 1753 C.

751 1642 863 1707 scand9
870 1677 900 1707 R
915 1675 964 1708 16.
1128 1677 1290 1718 attingere
1307 1677 1351 1708 D.
1506 1677 1682 1718 attingeret
1700 1677 1729 1708 E
1747 1688 1775 1708 1.

217 1816 277 1847 IX.
312 1816 389 1853 §24.
425 1816 618 1845 sustinere:
645 1814 730 1845 ‘this
746 1814 772 1846 is
790 1814 844 1845 the
861 1824 938 1854 very

172 1859 265 1900 point
284 1859 390 1889 which
407 1858 656 1899 Theophrastus
674 1868 741 1889 was
762 1857 882 1889 unable
904 1863 938 1888 to

172 1901 351 1933 maintain’
367 1911 373 1931 :
403 1901 652 1942 Theophrastus
683 1912 749 1932 saw
781 1901 851 1932 that
882 1901 938 1931 the

1050 1816 1088 1845 in
1112 1823 1152 1846 eo
1173 1816 1275 1853 libro,
1305 1816 1312 1831 ‘
1322 1815 1385 1855 for
1407 1815 1463 1846 the
1487 1815 1576 1846 book
1601 1815 1709 1847 which
1732 1815 1774 1846 he

1008 1858 1127 1889 wrote'
1145 1871 1151 1889 :
1175 1858 1258 1890 after
1274 1859 1370 1890 verbs
1385 1859 1546 1900 denoting
1561 1864 1595 1889 to
1613 1859 1720 1900 praise
1737 1869 1773 1889 or

1007 1907 1042 1933 to
1060 1903 1180 1940 blame,
1199 1903 1235 1933 z'n
1259 1912 1320 1933 can
1340 1902 1381 1933 be
1404 1902 1484 1934 used
1506 1907 1540 1933 to
1562 1913 1694 1943 express
1718 1902 1774 1933 the

172 1945 293 1987 logical
310 1946 409 1976 result
426 1945 463 1976 of
483 1945 538 1976 the
556 1946 703 1985 τριλογία
719 1945 783 1974 τῶν
805 1945 936 1983 ἀγαθῶν

172 2000 239 2020 was
256 2000 298 2020 an
313 1989 562 2020 abandonment
578 1988 616 2019 of
630 1988 686 2019 the
701 1988 850 2019 doctrine
866 1987 938 2018 that

172 2033 277 2064 virtue
303 2033 400 2063 alone
428 2042 493 2062 was
519 2031 658 2073 capable
689 2031 726 2063 of
752 2031 939 2072 conferring

172 2077 372 2117 happiness3
405 2075 567 2106 therefore
590 2076 631 2106 he
655 2075 786 2114 frankly
809 2074 938 2105 refused

173 2125 207 2151 to
231 2119 390 2150 maintain
413 2129 455 2149 an
478 2118 671 2159 impossible
694 2118 862 2159 position:
888 2118 938 2148 for

171 2164 331 2194 sustinere
346 2162 387 2193 cf.
409 2163 480 2192 Att.
498 2162 542 2193 vii
561 2171 591 2202 7,
612 2172 645 2201 53
665 2170 692 2192 11
710 2162 802 2192 Verr.
822 2161 833 2191 i
849 2173 881 2200 4,
900 2171 938 2193 10

176 2208 184 2222 ‘
194 2206 402 2238 sustinebunt
413 2206 495 2236 tales
508 2205 569 2236 uiri
581 2215 615 2236 se
625 2211 674 2236 tot
689 2205 935 2236 senatoribus...

171 2260 240 2281 non
250 2248 449 2281 credidisse)
473 2249 538 2279 For
548 2247 824 2290 Theophrastus's
837 2247 936 2278 views

172 2293 212 2325 cf.
234 2293 310 2324 Fin.
330 2303 349 2323 v
367 2303 397 2332 5,
418 2302 479 2329 123
504 2292 568 2323 Ac.
586 2292 596 2322 i
614 2302 644 2331 9,
665 2302 715 2332 33.

215 2338 501 2374 cum...sentiret,
526 2339 533 2352 ‘
549 2335 629 2366 with
644 2335 724 2366 such
741 2335 849 2376 abject
869 2334 936 2365 and

172 2379 330 2421 spiritless
347 2378 471 2417 views,'
493 2378 648 2420 referring
664 2384 699 2409 to
715 2389 787 2409 cum
803 2378 934 2409 statuis-

171 2428 227 2454 set.
236 2449 241 2454 .
250 2423 458 2454 uiuendum.

215 2468 518 2504 elegantissimus:
535 2465 576 2497 cf.
597 2467 658 2497 Ac.
679 2465 689 2495 i
706 2475 737 2506 9,
754 2475 793 2506 33
809 2466 934 2496 ‘Theo-

173 2510 422 2551 phrastus...uir
453 2515 485 2541 et
511 2509 661 2541 oratione
686 2510 795 2540 suauis
826 2514 859 2540 et
890 2509 935 2540 ita

173 2559 319 2584 moratus
338 2559 372 2584 ut
392 2564 470 2594 prae
491 2564 525 2584 se
547 2553 747 2594 probitatem
767 2552 935 2594 quandam

173 2602 205 2628 et
236 2596 473 2638 ingenuitatem
502 2596 623 2632 ferret‚'
662 2597 754 2627 Brut.
786 2606 837 2637 31,
877 2606 931 2628 121

177 2642 184 2655 ‘
195 2640 293 2681 quis..
301 2640 543 2681 Theophrasto
554 2640 682 2671 dulcior
692 2639 720 2670 ?'

213 2686 376 2719 uexatur,
398 2685 406 2698 ⁵
418 2684 444 2715 is
454 2683 630 2721 assailed';
647 2683 688 2714 cf.
708 2683 880 2721 Flaec.20‚
895 2685 935 2723 48

178 2727 324 2767 ‘probris
354 2727 508 2758 omnibus
539 2727 786 2769 maledictisque
816 2726 938 2758 uexat.’

175 2770 244 2801 Mo.
260 2782 266 2801 :
285 2770 327 2801 cf.
347 2770 424 2801 Aul.
449 2770 536 2802 Gell.
559 2770 580 2802 ii
599 2770 629 2807 6,
649 2780 666 2810 3
694 2770 767 2812 ‘qui
783 2770 885 2801 fertur
905 2776 937 2802 et

174 2819 320 2854 raptatur
331 2819 430 2855 atque
445 2813 509 2844 huc
524 2818 624 2855 atque
639 2814 716 2845 illuc
731 2813 935 2849 distrahitur.

175 2857 201 2887 is
218 2856 329 2887 uexari
346 2857 477 2898 proprie
492 2857 613 2888 dicitur
625 2856 632 2870 ⁷
647 2868 655 2894 3
681 2857 785 2889 Macr.
814 2857 882 2889 Sat.
905 2858 937 2888 vi

177 2909 192 2940 7
211 2900 334 2938 (where
350 2900 406 2931 the
422 2910 512 2931 same
528 2900 742 2942 explanation
757 2901 784 2932 is
799 2899 922 2942 given).

1006 1946 1152 1986 grounds
1168 1945 1206 1977 of
1224 1946 1280 1976 the
1295 1946 1428 1977 action:
1452 1946 1529 1977 edd.
1546 1945 1588 1977 cf.
1611 1946 1652 1985 Q.
1676 1946 1728 1977 Fr.
1750 1946 1773 1976 ii

1008 2001 1038 2028 4,
1071 2000 1087 2029 5
1118 1992 1125 2004 ‘
1143 1989 1319 2031 Pompeius
1346 1994 1457 2020 noster
1488 1990 1522 2020 in
1553 1989 1699 2020 amicitia
1732 1989 1766 2020 P.

1009 2032 1143 2063 Lentuli
1188 2032 1429 2073 uituperatur';
1472 2033 1584 2063 Plane.
1631 2043 1683 2072 33,
1730 2034 1769 2063 82

1010 2077 1017 2091 ‘
1031 2086 1130 2117 quem
1141 2076 1198 2117 qui
1211 2075 1423 2117 reprehendit
1436 2076 1468 2106 in
1481 2086 1521 2107 eo
1533 2076 1770 2116 reprehendit‚’

1006 2124 1069 2150 etc.
1104 2120 1211 2150 Bentl.
1243 2119 1397 2150 declared
1428 2120 1499 2150 that
1531 2120 1585 2150 the
1617 2125 1771 2151 sentence

1007 2162 1103 2193 made
1128 2173 1301 2198 nonsense,
1330 2173 1366 2194 as
1393 2163 1430 2193 in
1457 2163 1534 2194 here
1561 2163 1660 2193 could
1691 2163 1771 2203 only

1007 2216 1103 2237 mean
1129 2205 1202 2237 ‘in'
1226 2206 1292 2237 and
1317 2206 1394 2237 read
1419 2207 1531 2247 ‘quod
1552 2206 1585 2237 in
1609 2217 1649 2237 eo
1671 2206 1767 2243 libro,

1005 2260 1115 2290 quem.
1124 2275 1129 2280 .
1138 2251 1257 2287 beata,
1277 2251 1381 2281 multa
1395 2249 1593 2291 disputarit.'

1049 2293 1297 2335 Theophrastus
1335 2299 1438 2324 wrote
1477 2293 1557 2333 (acc.
1592 2298 1626 2324 to
1666 2293 1765 2334 Diog.

1006 2336 1116 2368 Laert.
1149 2347 1169 2367 v
1194 2347 1223 2374 2,
1253 2346 1305 2376 43,
1334 2339 1387 2378 49)
1413 2347 1432 2367 a
1456 2337 1549 2367 work
1573 2338 1644 2377 περὶ
1668 2337 1769 2367 εὐδαι-

1003 2381 1112 2416 μονίας
1136 2380 1202 2411 and
1225 2380 1365 2411 another
1388 2381 1458 2419 περὶ
1482 2381 1537 2418 τῆς
1559 2381 1644 2410 θείας
1668 2381 1770 2410 εὐδαι-

1003 2425 1122 2459 μονίας.
1172 2424 1205 2454 It
1236 2426 1263 2454 is
1294 2424 1457 2464 probably
1488 2423 1545 2454 the
1577 2423 1696 2454 former
1734 2431 1768 2455 to

1005 2467 1113 2497 which
1140 2466 1210 2499 Cic.
1243 2467 1342 2498 refers
1373 2468 1450 2498 here
1479 2467 1545 2498 and
1577 2467 1610 2498 in
1643 2467 1717 2497 Fin.
1749 2478 1769 2497 v

1006 2512 1057 2548 28,
1077 2512 1128 2550 85.

1047 2556 1187 2585 rotam:
1223 2553 1396 2595 Aristoph.
1430 2554 1498 2585 Pax
1529 2564 1589 2594 451
1623 2552 1678 2584 ἐπὶ
1712 2554 1769 2584 τοῦ

1004 2599 1121 2636 τροχοῦ
1154 2598 1345 2637 στρεβλοῖτο
1377 2599 1629 2636 μαστιγούμενος
1661 2597 1768 2628 where

1005 2641 1061 2672 the
1078 2640 1155 2672 Sch.
1176 2646 1270 2672 notes
1287 2642 1316 2671 ol
1334 2640 1398 2679 ’γὰρ
1421 2641 1527 2671 δοῦλοι
1546 2641 1767 2679 σφαλλόμενοι

1003 2686 1057 2715 ἐπὶ
1101 2685 1218 2723 τροχοῦ
1256 2685 1461 2721 δεσμούμενοι
1507 2685 1558 2714 καὶ
1603 2684 1770 2723 συρόμενοι

1005 2730 1182 2758 ἐτύπτοντο
1209 2729 1427 2765 ἀνακλώμενοι
1451 2729 1483 2758 ἐν
1507 2725 1610 2766 norff:
1638 2727 1678 2758 ef.
1698 2727 1768 2757 also

1007 2771 1149 2813 Antiph.
1174 2771 1217 2802 de
1239 2771 1340 2802 caede
1365 2772 1446 2803 Her.
1473 2781 1540 2811 403
1566 2771 1695 2802 Andoc.
1725 2770 1766 2800 de

1008 2815 1107 2855 Myst.
1129 2825 1192 2855 433
1219 2815 1315 2846 Dem.
1340 2819 1446 2846 contr.
1468 2815 1559 2855 Aph.
1579 2815 1632 2853 48.
1665 2814 1769 2853 Many

1006 2858 1129 2889 editors
1159 2858 1296 2889 bracket
1325 2858 1362 2888 id
1388 2858 1616 2889 est...Graecos
1653 2867 1688 2887 as
1725 2866 1768 2886 an

1006 2901 1145 2932 obvious
1161 2901 1260 2942 gloss.
1288 2901 1353 2932 But
1369 2901 1394 2932 it
1409 2901 1436 2932 is
1452 2900 1605 2932 doubtful
1621 2899 1767 2931 whether
